[
  {
    "_id":{
      "$oid":"68491d167013c07662ad8faf"
    },
    "timestamp_scrape":"2025-06-11T12:13:37.725335",
    "ecommerce":"Tokopedia",
    "product_name":"Concos Virgin Coconut Oil Original (250 ml Bundle 4 pcs) \/ Minyak MPASI \/ VCO \/ Minyak Kelapa Murni 100%",
    "price_raw":"Rp259.840",
    "price_clean":259840.0,
    "shop_name":"Concos Indonesia",
    "sold_count_raw":"6 terjual",
    "sold_count_clean":6.0,
    "product_url":"https:\/\/www.tokopedia.com\/concosindonesiaofficial\/concos-virgin-coconut-oil-original-250-ml-bundle-4-pcs-minyak-mpasi-vco-minyak-kelapa-murni-100?extParam=ivf%3Dtrue%26keyword%3Dvirgin+coconut+oil&src=topads",
    "search_query":"virgin coconut oil",
    "weight_kg":0.25,
    "price_per_kg":1039360.0,
    "0":"mpasi",
    "1":"vco"
  },
  {
    "_id":{
      "$oid":"68491d167013c07662ad8fb0"
    },
    "timestamp_scrape":"2025-06-11T12:13:38.320950",
    "ecommerce":"Tokopedia",
    "product_name":"BILAADI Minyak Zaitun Palestina \/ Extra Virgin Olive Oil Asli dari Palestina VCO",
    "price_raw":"Rp200.000",
    "price_clean":200000.0,
    "shop_name":"Hayya Cleanmart",
    "sold_count_raw":"28 terjual",
    "sold_count_clean":28.0,
    "product_url":"https:\/\/www.tokopedia.com\/anbiya83herbal\/bilaadi-minyak-zaitun-palestina-extra-virgin-olive-oil-asli-dari-palestina-vco-1729974159024950197?extParam=ivf%3Dfalse%26keyword%3Dvirgin+coconut+oil&src=topads",
    "search_query":"virgin coconut oil",
    "weight_kg":null,
    "price_per_kg":null,
    "0":"umum",
    "1":"vco"
  },
  {
    "_id":{
      "$oid":"68491d167013c07662ad8fb1"
    },
    "timestamp_scrape":"2025-06-11T12:13:38.914165",
    "ecommerce":"Tokopedia",
    "product_name":"Klaper All Over Oil 100ml with virgin coconut oil",
    "price_raw":"Rp57.490",
    "price_clean":57490.0,
    "shop_name":"esptshop",
    "sold_count_raw":"250+ terjual",
    "sold_count_clean":250.0,
    "product_url":"https:\/\/www.tokopedia.com\/esptshop\/klaper-all-over-oil-100ml-with-virgin-coconut-oil-100ml-46dea?extParam=ivf%3Dfalse%26keyword%3Dvirgin+coconut+oil%26search_id%3D20250611051315320722549D1751395NF2%26src%3Dsearch",
    "search_query":"virgin coconut oil",
    "weight_kg":0.1,
    "price_per_kg":574900.0,
    "0":"umum",
    "1":"lain"
  },
  {
    "_id":{
      "$oid":"68491d167013c07662ad8fb2"
    },
    "timestamp_scrape":"2025-06-11T12:13:39.504340",
    "ecommerce":"Tokopedia",
    "product_name":"Beorganik Extra Virgin Coconut Oil VCO \/ Minyak Kelapa Murni",
    "price_raw":"Rp75.000",
    "price_clean":75000.0,
    "shop_name":"Beorganik Store",
    "sold_count_raw":"3rb+ terjual",
    "sold_count_clean":3000.0,
    "product_url":"https:\/\/www.tokopedia.com\/beorganik\/beorganik-extra-virgin-coconut-oil-vco-minyak-kelapa-murni-1729967223643539891?extParam=ivf%3Dtrue%26keyword%3Dvirgin+coconut+oil%26search_id%3D20250611051315320722549D1751395NF2%26src%3Dsearch",
    "search_query":"virgin coconut oil",
    "weight_kg":null,
    "price_per_kg":null,
    "0":"umum",
    "1":"vco"
  },
  {
    "_id":{
      "$oid":"68491d167013c07662ad8fb3"
    },
    "timestamp_scrape":"2025-06-11T12:13:40.096397",
    "ecommerce":"Tokopedia",
    "product_name":"Organic Extra Virgin Coconut Oil Cold Pressed EVCO Minyak Kelapa Asli",
    "price_raw":"Rp89.000",
    "price_clean":89000.0,
    "shop_name":"bakulsaudi",
    "sold_count_raw":"250+ terjual",
    "sold_count_clean":250.0,
    "product_url":"https:\/\/www.tokopedia.com\/bakulsaudi\/organic-extra-virgin-coconut-oil-cold-pressed-evco-minyak-kelapa-asli-500ml-d3766?extParam=ivf%3Dfalse%26keyword%3Dvirgin+coconut+oil%26search_id%3D20250611051315320722549D1751395NF2%26src%3Dsearch",
    "search_query":"virgin coconut oil",
    "weight_kg":null,
    "price_per_kg":null,
    "0":"umum",
    "1":"evco"
  },
  {
    "_id":{
      "$oid":"68491d167013c07662ad8fb4"
    },
    "timestamp_scrape":"2025-06-11T12:13:40.724121",
    "ecommerce":"Tokopedia",
    "product_name":"Extra Virgin Coconut Oil 250ml - VCO \/ Minyak Kelapa Murni by DIVV Nature",
    "price_raw":"Rp41.900",
    "price_clean":41900.0,
    "shop_name":"DIVV",
    "sold_count_raw":"100rb+ terjual",
    "sold_count_clean":100000.0,
    "product_url":"https:\/\/www.tokopedia.com\/divv-106\/extra-virgin-coconut-oil-250ml-vco-minyak-kelapa-murni-by-divv-nature-1729468746540550703?extParam=ivf%3Dtrue%26keyword%3Dvirgin+coconut+oil%26search_id%3D20250611051315320722549D1751395NF2%26src%3Dsearch",
    "search_query":"virgin coconut oil",
    "weight_kg":0.25,
    "price_per_kg":167600.0,
    "0":"umum",
    "1":"vco"
  },
  {
    "_id":{
      "$oid":"68491d167013c07662ad8fb5"
    },
    "timestamp_scrape":"2025-06-11T12:13:41.337372",
    "ecommerce":"Tokopedia",
    "product_name":"ELOPE PUCO VIRGIN COCONUT OIL MINYAK VCO KUCING ANJING OBAT JAMUR SCABIES",
    "price_raw":"Rp22.380",
    "price_clean":22380.0,
    "shop_name":"Elope_NEW",
    "sold_count_raw":"500+ terjual",
    "sold_count_clean":500.0,
    "product_url":"https:\/\/www.tokopedia.com\/elopeofficial\/puco-virgin-coconut-oil-minyak-vco-kucing-anjing-obat-jamur-scabies-puco-only-dbaf6?extParam=ivf%3Dtrue%26keyword%3Dvirgin+coconut+oil%26search_id%3D20250611051315320722549D1751395NF2%26src%3Dsearch",
    "search_query":"virgin coconut oil",
    "weight_kg":null,
    "price_per_kg":null,
    "0":"hewan",
    "1":"vco"
  },
  {
    "_id":{
      "$oid":"68491d167013c07662ad8fb6"
    },
    "timestamp_scrape":"2025-06-11T12:13:41.925336",
    "ecommerce":"Tokopedia",
    "product_name":"VCO Virgin Coconut Oil 100% PURE serum melebatkan & melembutkan\/menghaluskan rambut Perawatan Kering Haircare",
    "price_raw":"Rp49.900",
    "price_clean":49900.0,
    "shop_name":"Erdila Treatment",
    "sold_count_raw":"250+ terjual",
    "sold_count_clean":250.0,
    "product_url":"https:\/\/www.tokopedia.com\/erdila-treatment\/vco-virgin-coconut-oil-100-pure-serum-melebatkan-melembutkan-menghaluskan-rambut-perawatan-kering-haircare-1729730420735247369?extParam=ivf%3Dfalse%26keyword%3Dvirgin+coconut+oil%26search_id%3D20250611051315320722549D1751395NF2%26src%3Dsearch",
    "search_query":"virgin coconut oil",
    "weight_kg":null,
    "price_per_kg":null,
    "0":"rambut",
    "1":"vco"
  },
  {
    "_id":{
      "$oid":"68491d167013c07662ad8fb7"
    },
    "timestamp_scrape":"2025-06-11T12:13:42.519692",
    "ecommerce":"Tokopedia",
    "product_name":"Virgin Coconut Oil (VCO) Ikan Dorang 500ml - Minyak Kelapa Murni (PCS)",
    "price_raw":"Rp125.000",
    "price_clean":125000.0,
    "shop_name":"Ikan Dorang_NEW",
    "sold_count_raw":"750+ terjual",
    "sold_count_clean":750.0,
    "product_url":"https:\/\/www.tokopedia.com\/archive-ptikandorang\/virgin-coconut-oil-vco-ikan-dorang-500ml-minyak-kelapa-murni-pcs?extParam=ivf%3Dfalse%26keyword%3Dvirgin+coconut+oil%26search_id%3D20250611051315320722549D1751395NF2%26src%3Dsearch",
    "search_query":"virgin coconut oil",
    "weight_kg":0.5,
    "price_per_kg":250000.0,
    "0":"umum",
    "1":"vco"
  },
  {
    "_id":{
      "$oid":"68491d167013c07662ad8fb8"
    },
    "timestamp_scrape":"2025-06-11T12:13:43.113431",
    "ecommerce":"Tokopedia",
    "product_name":"Pawsitive Vibes Virgin Coconut Oil Kucing Anjing - Anti Jamur Scabies dan Bulu Halus - VCO Kucing Murni Minyak Kelapa 30ml",
    "price_raw":"Rp24.153",
    "price_clean":24153.0,
    "shop_name":"Pawsitive Vibes",
    "sold_count_raw":"1rb+ terjual",
    "sold_count_clean":1000.0,
    "product_url":"https:\/\/www.tokopedia.com\/pawsitive-vibes\/pawsitive-vibes-virgin-coconut-oil-kucing-anjing-anti-jamur-scabies-dan-bulu-halus-vco-kucing-murni-minyak-kelapa-30ml-1729665392785328390?extParam=ivf%3Dfalse%26keyword%3Dvirgin+coconut+oil%26search_id%3D20250611051315320722549D1751395NF2%26src%3Dsearch",
    "search_query":"virgin coconut oil",
    "weight_kg":0.03,
    "price_per_kg":805100.0,
    "0":"hewan",
    "1":"vco"
  },
  {
    "_id":{
      "$oid":"68491d167013c07662ad8fb9"
    },
    "timestamp_scrape":"2025-06-11T12:13:43.704978",
    "ecommerce":"Tokopedia",
    "product_name":"EXTRA VIRGIN COCONUT OIL 100 % ASLI MURNI ORGANIK PREMIUM QUALITY VCO \/ MINYAK KELAPA 100ML 250ML 500ML 1000ML \/ MINYAK KELAPA VCO 100ML 250ML 500ML 1000ML \/ VCO VIRGIN COCONUT OIL 100ML 250ML 500ML 1000ML \/MINYAK KELAPA MURNI 100ML 250ML 500ML",
    "price_raw":"Rp19.800",
    "price_clean":19800.0,
    "shop_name":"Naturlife Indonesia",
    "sold_count_raw":"250+ terjual",
    "sold_count_clean":250.0,
    "product_url":"https:\/\/www.tokopedia.com\/naturlifeindonesia\/extra-virgin-coconut-oil-100-asli-murni-organik-premium-quality-vco-minyak-kelapa-100ml-250ml-500ml-1000ml-minyak-kelapa-vco-100ml-250ml-500ml-1000ml-vco-virgin-coconut-oil-100ml-250ml-500ml-1000ml-minyak-kelapa-murni-100ml-250ml-500ml-100-ml-2321f?extParam=ivf%3Dfalse%26keyword%3Dvirgin+coconut+oil%26search_id%3D20250611051315320722549D1751395NF2%26src%3Dsearch",
    "search_query":"virgin coconut oil",
    "weight_kg":0.1,
    "price_per_kg":198000.0,
    "0":"umum",
    "1":"vco"
  },
  {
    "_id":{
      "$oid":"68491d167013c07662ad8fba"
    },
    "timestamp_scrape":"2025-06-11T12:13:44.294863",
    "ecommerce":"Tokopedia",
    "product_name":"EXTRA VIRGIN COCONUT OIL 250ML VCO Minyak Kelapa Premium Asli Murni",
    "price_raw":"Rp19.900",
    "price_clean":19900.0,
    "shop_name":"Grosirkurmasurabaya",
    "sold_count_raw":"500+ terjual",
    "sold_count_clean":500.0,
    "product_url":"https:\/\/www.tokopedia.com\/grosirkurmasurabaya\/extra-virgin-coconut-oil-250ml-vco-minyak-kelapa-premium-asli-murni?extParam=ivf%3Dfalse%26keyword%3Dvirgin+coconut+oil%26search_id%3D20250611051315320722549D1751395NF2%26src%3Dsearch",
    "search_query":"virgin coconut oil",
    "weight_kg":0.25,
    "price_per_kg":79600.0,
    "0":"umum",
    "1":"vco"
  },
  {
    "_id":{
      "$oid":"68491d167013c07662ad8fbb"
    },
    "timestamp_scrape":"2025-06-11T12:13:44.888324",
    "ecommerce":"Tokopedia",
    "product_name":"ESSENLI Extra Virgin Coconut Oil \/ VCO \/ Minyak Kelapa Murni 250ml",
    "price_raw":"Rp47.250",
    "price_clean":47250.0,
    "shop_name":"essenli",
    "sold_count_raw":"8rb+ terjual",
    "sold_count_clean":8000.0,
    "product_url":"https:\/\/www.tokopedia.com\/essenli\/essenli-extra-virgin-coconut-oil-vco-minyak-kelapa-murni-250ml-1729606339948087722?extParam=ivf%3Dfalse%26keyword%3Dvirgin+coconut+oil%26search_id%3D20250611051315320722549D1751395NF2%26src%3Dsearch",
    "search_query":"virgin coconut oil",
    "weight_kg":0.25,
    "price_per_kg":189000.0,
    "0":"umum",
    "1":"vco"
  },
  {
    "_id":{
      "$oid":"68491d167013c07662ad8fbd"
    },
    "timestamp_scrape":"2025-06-11T12:14:10.381482",
    "ecommerce":"Tokopedia",
    "product_name":"Minyak VCO Tyara Coconut Oil 125 ml dari Kelapa Segar",
    "price_raw":"Rp17.500",
    "price_clean":17500.0,
    "shop_name":"Yeye Herbal",
    "sold_count_raw":"100+ terjual",
    "sold_count_clean":100.0,
    "product_url":"https:\/\/www.tokopedia.com\/yeyeherbal\/minyak-vco?extParam=ivf%3Dfalse%26keyword%3Dvirgin+coconut+oil&src=topads",
    "search_query":"virgin coconut oil",
    "weight_kg":0.125,
    "price_per_kg":140000.0,
    "0":"hewan",
    "1":"vco"
  },
  {
    "_id":{
      "$oid":"68491d167013c07662ad8fbe"
    },
    "timestamp_scrape":"2025-06-11T12:14:10.972142",
    "ecommerce":"Tokopedia",
    "product_name":"VCO Virgin Coconut Oil 100Ml untuk anjing dan kucing",
    "price_raw":"Rp10.750",
    "price_clean":10750.0,
    "shop_name":"TesyaAmanah",
    "sold_count_raw":"100+ terjual",
    "sold_count_clean":100.0,
    "product_url":"https:\/\/www.tokopedia.com\/tesyaamanah\/vco-virgin-coconut-oil-100ml-untuk-anjing-dan-kucing?extParam=ivf%3Dfalse%26keyword%3Dvirgin+coconut+oil%26src%3Dsearch",
    "search_query":"virgin coconut oil",
    "weight_kg":0.1,
    "price_per_kg":107500.0,
    "0":"umum",
    "1":"evco"
  },
  {
    "_id":{
      "$oid":"68491d167013c07662ad8fbf"
    },
    "timestamp_scrape":"2025-06-11T12:14:11.564937",
    "ecommerce":"Tokopedia",
    "product_name":"Extra Virgin Coconut Oil (EVCO) MyBooster 100ml 250ml 500ml 1000ml Minyak Kelapa",
    "price_raw":"Rp18.999",
    "price_clean":18999.0,
    "shop_name":"mybooster",
    "sold_count_raw":"250+ terjual",
    "sold_count_clean":250.0,
    "product_url":"https:\/\/www.tokopedia.com\/mybooster\/extra-virgin-coconut-oil-evco-mybooster-100ml-250ml-500ml-1000ml-minyak-kelapa-1730047901123249391?extParam=ivf%3Dfalse%26keyword%3Dvirgin+coconut+oil%26src%3Dsearch",
    "search_query":"virgin coconut oil",
    "weight_kg":0.1,
    "price_per_kg":189990.0,
    "0":"umum",
    "1":"vco"
  },
  {
    "_id":{
      "$oid":"68491d167013c07662ad8fc0"
    },
    "timestamp_scrape":"2025-06-11T12:14:12.155082",
    "ecommerce":"Tokopedia",
    "product_name":"Vico Bagoes 350ml - VCO Virgin Coconut Oil Minyak Kelapa 350 ml",
    "price_raw":"Rp32.500",
    "price_clean":32500.0,
    "shop_name":"Alora Essential",
    "sold_count_raw":"500+ terjual",
    "sold_count_clean":500.0,
    "product_url":"https:\/\/www.tokopedia.com\/aloraessential\/vico-bagoes-350ml-vco-virgin-coconut-oil-minyak-kelapa-350-ml-alora-vco-250ml-7eab5?extParam=ivf%3Dfalse%26keyword%3Dvirgin+coconut+oil%26src%3Dsearch",
    "search_query":"virgin coconut oil",
    "weight_kg":0.35,
    "price_per_kg":92857.1428571429,
    "0":"umum",
    "1":"vco"
  },
  {
    "_id":{
      "$oid":"68491d167013c07662ad8fc1"
    },
    "timestamp_scrape":"2025-06-11T12:14:12.745212",
    "ecommerce":"Tokopedia",
    "product_name":"Minyak Kelapa Virgin Coconut Oil VCO 250 ml - Minyak Kelapa Asli Murni",
    "price_raw":"Rp27.499",
    "price_clean":27499.0,
    "shop_name":"Sohib Sehat Bekasi",
    "sold_count_raw":"500+ terjual",
    "sold_count_clean":500.0,
    "product_url":"https:\/\/www.tokopedia.com\/sohib-sehat-bekasi\/minyak-kelapa-virgin-coconut-oil-vco-250-ml-minyak-kelapa-asli-murni-1730232618825713326?extParam=ivf%3Dfalse%26keyword%3Dvirgin+coconut+oil%26src%3Dsearch",
    "search_query":"virgin coconut oil",
    "weight_kg":0.25,
    "price_per_kg":109996.0,
    "0":"umum",
    "1":"vco"
  },
  {
    "_id":{
      "$oid":"68491d167013c07662ad8fc2"
    },
    "timestamp_scrape":"2025-06-11T12:14:13.337844",
    "ecommerce":"Tokopedia",
    "product_name":"Happy Green ORGANIC Virgin Coconut Oil Carrier Oil - Minyak VCO Murni",
    "price_raw":"Rp33.000",
    "price_clean":33000.0,
    "shop_name":"Happy Green Garden - JKT",
    "sold_count_raw":"40+ terjual",
    "sold_count_clean":40.0,
    "product_url":"https:\/\/www.tokopedia.com\/hggjakarta\/happy-green-organic-virgin-coconut-oil-carrier-oil-minyak-vco-murni-10-ml?extParam=ivf%3Dfalse%26keyword%3Dvirgin+coconut+oil%26src%3Dsearch",
    "search_query":"virgin coconut oil",
    "weight_kg":null,
    "price_per_kg":null,
    "0":"umum",
    "1":"lain"
  },
  {
    "_id":{
      "$oid":"68491d167013c07662ad8fc3"
    },
    "timestamp_scrape":"2025-06-11T12:14:13.928802",
    "ecommerce":"Tokopedia",
    "product_name":"Naturebell Vitamin D3 K2 5000 iu 100 mcg Virgin Coconut Oil",
    "price_raw":"Rp610.999",
    "price_clean":610999.0,
    "shop_name":"heavenlyvitamin",
    "sold_count_raw":"250+ terjual",
    "sold_count_clean":250.0,
    "product_url":"https:\/\/www.tokopedia.com\/heavenlyvitamin\/naturebell-vitamin-d3-k2-5000-iu-100-mcg-virgin-coconut-oil-5-000-iu-240-d7e69?extParam=ivf%3Dfalse%26keyword%3Dvirgin+coconut+oil%26src%3Dsearch",
    "search_query":"virgin coconut oil",
    "weight_kg":null,
    "price_per_kg":null,
    "0":"umum",
    "1":"vco"
  },
  {
    "_id":{
      "$oid":"68491d167013c07662ad8fc4"
    },
    "timestamp_scrape":"2025-06-11T12:14:14.520168",
    "ecommerce":"Tokopedia",
    "product_name":"Organic Virgin Coconut Oil Mezzaluna 500ml VCO Organik",
    "price_raw":"Rp130.000",
    "price_clean":130000.0,
    "shop_name":"arcee mezzaluna shop",
    "sold_count_raw":"1rb+ terjual",
    "sold_count_clean":1000.0,
    "product_url":"https:\/\/www.tokopedia.com\/arceejaya\/organic-virgin-coconut-oil-mezzaluna-500ml-vco-organik?extParam=ivf%3Dfalse%26keyword%3Dvirgin+coconut+oil%26src%3Dsearch",
    "search_query":"virgin coconut oil",
    "weight_kg":0.5,
    "price_per_kg":260000.0,
    "0":"umum",
    "1":"evco"
  },
  {
    "_id":{
      "$oid":"68491d167013c07662ad8fc5"
    },
    "timestamp_scrape":"2025-06-11T12:14:15.112457",
    "ecommerce":"Tokopedia",
    "product_name":"TruOrganic Extra Virgin Coconut Oil - Minyak Kelapa Murni 100% | EVCo Botol Salad",
    "price_raw":"Rp18.000",
    "price_clean":18000.0,
    "shop_name":"Unilac Store",
    "sold_count_raw":"60+ terjual",
    "sold_count_clean":60.0,
    "product_url":"https:\/\/www.tokopedia.com\/unilacofficialstore\/truorganic-extra-virgin-coconut-oil-minyak-kelapa-murni-100-evco-botol-salad-1731225180030207772?extParam=ivf%3Dfalse%26keyword%3Dvirgin+coconut+oil%26src%3Dsearch",
    "search_query":"virgin coconut oil",
    "weight_kg":null,
    "price_per_kg":null,
    "0":"umum",
    "1":"vco"
  },
  {
    "_id":{
      "$oid":"68491d167013c07662ad8fc6"
    },
    "timestamp_scrape":"2025-06-11T12:14:15.704582",
    "ecommerce":"Tokopedia",
    "product_name":"VCO Minyak Kelapa Virgin Coconut Oil Darusyifa 125ml",
    "price_raw":"Rp17.500",
    "price_clean":17500.0,
    "shop_name":"tokohafora",
    "sold_count_raw":"60+ terjual",
    "sold_count_clean":60.0,
    "product_url":"https:\/\/www.tokopedia.com\/tokohafora\/vco-minyak-kelapa-virgin-coconut-oil-darusyifa-125ml?extParam=ivf%3Dfalse%26keyword%3Dvirgin+coconut+oil%26src%3Dsearch",
    "search_query":"virgin coconut oil",
    "weight_kg":0.125,
    "price_per_kg":140000.0,
    "0":"hewan",
    "1":"vco"
  },
  {
    "_id":{
      "$oid":"68491d167013c07662ad8fc7"
    },
    "timestamp_scrape":"2025-06-11T12:14:16.287801",
    "ecommerce":"Tokopedia",
    "product_name":"PUCO VIRGIN COCONUT OIL Minyak VCO Kucing Anjing Obat Jamur Scabies - Elope",
    "price_raw":"Rp23.600",
    "price_clean":23600.0,
    "shop_name":"Zea Anjani Store",
    "sold_count_raw":"100+ terjual",
    "sold_count_clean":100.0,
    "product_url":"https:\/\/www.tokopedia.com\/zea-anjani-store\/puco-virgin-coconut-oil-minyak-vco-kucing-anjing-obat-jamur-scabies-elope-1729655704347445105?extParam=ivf%3Dfalse%26keyword%3Dvirgin+coconut+oil%26src%3Dsearch",
    "search_query":"virgin coconut oil",
    "weight_kg":null,
    "price_per_kg":null,
    "0":"umum",
    "1":"vco"
  },
  {
    "_id":{
      "$oid":"68491d167013c07662ad8fc8"
    },
    "timestamp_scrape":"2025-06-11T12:14:16.896244",
    "ecommerce":"Tokopedia",
    "product_name":"Virgin Coconut Oil (VCO) Ikan Dorang 250ml - Minyak Kelapa Murni (PCS)",
    "price_raw":"Rp70.000",
    "price_clean":70000.0,
    "shop_name":"Ikan Dorang_NEW",
    "sold_count_raw":"500+ terjual",
    "sold_count_clean":500.0,
    "product_url":"https:\/\/www.tokopedia.com\/archive-ptikandorang\/virgin-coconut-oil-vco-ikan-dorang-250ml-minyak-kelapa-murni-pcs?extParam=ivf%3Dfalse%26keyword%3Dvirgin+coconut+oil%26src%3Dsearch",
    "search_query":"virgin coconut oil",
    "weight_kg":0.25,
    "price_per_kg":280000.0,
    "0":"umum",
    "1":"vco"
  },
  {
    "_id":{
      "$oid":"68491d167013c07662ad8fcb"
    },
    "timestamp_scrape":"2025-06-11T12:14:41.688826",
    "ecommerce":"Tokopedia",
    "product_name":"VCO Bj 100,250,350 Ml  Extra Virgin Coconut Oil Cold Pressed Original - Minyak Kelapa Murni Asli Minyak Kletik",
    "price_raw":"Rp56.500",
    "price_clean":56500.0,
    "shop_name":"Dunia Herbaa",
    "sold_count_raw":"70+ terjual",
    "sold_count_clean":70.0,
    "product_url":"https:\/\/www.tokopedia.com\/duniaherbaa\/vco-bj-100-250-350-ml-extra-virgin-coconut-oil-cold-pressed-original-minyak-kelapa-murni-asli-minyak-kletik-500-ml-76b86?extParam=ivf%3Dfalse%26keyword%3Dvirgin+coconut+oil%26src%3Dsearch",
    "search_query":"virgin coconut oil",
    "weight_kg":0.25035,
    "price_per_kg":225684.042340723,
    "0":"umum",
    "1":"vco"
  },
  {
    "_id":{
      "$oid":"68491d167013c07662ad8fcc"
    },
    "timestamp_scrape":"2025-06-11T12:14:42.288590",
    "ecommerce":"Tokopedia",
    "product_name":"1000ml Virgin Coconut Oil (VCO) Vico Bagoes",
    "price_raw":"Rp143.000",
    "price_clean":143000.0,
    "shop_name":"AsiBayi_NEW",
    "sold_count_raw":"250+ terjual",
    "sold_count_clean":250.0,
    "product_url":"https:\/\/www.tokopedia.com\/rufda\/1000ml-virgin-coconut-oil-vco-vico-bagoes-1731019256412669695?extParam=ivf%3Dfalse%26keyword%3Dvirgin+coconut+oil%26src%3Dsearch",
    "search_query":"virgin coconut oil",
    "weight_kg":1.0,
    "price_per_kg":143000.0,
    "0":"umum",
    "1":"vco"
  },
  {
    "_id":{
      "$oid":"68491d167013c07662ad8fcd"
    },
    "timestamp_scrape":"2025-06-11T12:14:42.878981",
    "ecommerce":"Tokopedia",
    "product_name":"Micro Ingredients Vitamin D3 K2 2000 IU INFUSED With Virgin Coconut Oil Original 300 Softgel 2000 IU D3 + 50 MCG K2 MK7",
    "price_raw":"Rp170.000",
    "price_clean":170000.0,
    "shop_name":"MICROINGREDIENTS OFICIAL",
    "sold_count_raw":"10 terjual",
    "sold_count_clean":10.0,
    "product_url":"https:\/\/www.tokopedia.com\/microingredientofficial\/micro-ingredients-vitamin-d3-k2-2000-iu-infused-with-virgin-coconut-oil-original-300-softgel-2000-iu-d3-50-mcg-k2-mk7-1731088031701108554?extParam=ivf%3Dfalse%26keyword%3Dvirgin+coconut+oil%26src%3Dsearch",
    "search_query":"virgin coconut oil",
    "weight_kg":null,
    "price_per_kg":null,
    "0":"hewan",
    "1":"vco"
  },
  {
    "_id":{
      "$oid":"68491d167013c07662ad8fce"
    },
    "timestamp_scrape":"2025-06-11T12:14:43.471769",
    "ecommerce":"Tokopedia",
    "product_name":"Beorganik Healthy & Energy Boost Package - Virgin Coconut Oil, Apple Cider Vinegar, Wild Honey - 250ml\/500ml Botol - Cuka Apel, Madu, VCO",
    "price_raw":"Rp134.900",
    "price_clean":134900.0,
    "shop_name":"Beorganik Store",
    "sold_count_raw":"250+ terjual",
    "sold_count_clean":250.0,
    "product_url":"https:\/\/www.tokopedia.com\/beorganik\/beorganik-healthy-energy-boost-package-virgin-coconut-oil-apple-cider-vinegar-wild-honey-250ml-500ml-botol-cuka-apel-madu-vco-1731067462825575859?extParam=ivf%3Dfalse%26keyword%3Dvirgin+coconut+oil%26src%3Dsearch",
    "search_query":"virgin coconut oil",
    "weight_kg":0.25,
    "price_per_kg":539600.0,
    "0":"umum",
    "1":"vco"
  },
  {
    "_id":{
      "$oid":"68491d167013c07662ad8fcf"
    },
    "timestamp_scrape":"2025-06-11T12:14:44.059236",
    "ecommerce":"Tokopedia",
    "product_name":"Virgin Coconut Oil VCO 250ml \/ Minyak Kelapa",
    "price_raw":"Rp55.000",
    "price_clean":55000.0,
    "shop_name":"GREENARA",
    "sold_count_raw":"750+ terjual",
    "sold_count_clean":750.0,
    "product_url":"https:\/\/www.tokopedia.com\/greenaraid\/virgin-coconut-oil-vco-250ml-minyak-kelapa?extParam=ivf%3Dtrue%26keyword%3Dvirgin+coconut+oil%26src%3Dsearch",
    "search_query":"virgin coconut oil",
    "weight_kg":0.25,
    "price_per_kg":220000.0,
    "0":"umum",
    "1":"vco"
  },
  {
    "_id":{
      "$oid":"68491d167013c07662ad8fd0"
    },
    "timestamp_scrape":"2025-06-11T12:14:44.649495",
    "ecommerce":"Tokopedia",
    "product_name":"PUCO VIRGIN COCONUT OIL Minyak VCO Kucing Anjing Obat Jamur Scabies - Elope",
    "price_raw":"Rp23.300",
    "price_clean":23300.0,
    "shop_name":"Zea Anjani Store",
    "sold_count_raw":"60+ terjual",
    "sold_count_clean":60.0,
    "product_url":"https:\/\/www.tokopedia.com\/zea-anjani\/puco-virgin-coconut-oil-minyak-vco-kucing-anjing-obat-jamur-scabies-elope?extParam=ivf%3Dfalse%26keyword%3Dvirgin+coconut+oil%26src%3Dsearch",
    "search_query":"virgin coconut oil",
    "weight_kg":null,
    "price_per_kg":null,
    "0":"umum",
    "1":"vco"
  },
  {
    "_id":{
      "$oid":"68491d167013c07662ad8fd1"
    },
    "timestamp_scrape":"2025-06-11T12:14:45.240198",
    "ecommerce":"Tokopedia",
    "product_name":"vco virgin coconut oil curah 20L",
    "price_raw":"Rp85.000",
    "price_clean":85000.0,
    "shop_name":"berkah_kelapa",
    "sold_count_raw":"750+ terjual",
    "sold_count_clean":750.0,
    "product_url":"https:\/\/www.tokopedia.com\/berkah-kelapa\/vco-virgin-coconut-oil-curah-20l?extParam=ivf%3Dfalse%26keyword%3Dvirgin+coconut+oil%26src%3Dsearch",
    "search_query":"virgin coconut oil",
    "weight_kg":20.0,
    "price_per_kg":4250.0,
    "0":"umum",
    "1":"vco"
  },
  {
    "_id":{
      "$oid":"68491d167013c07662ad8fd2"
    },
    "timestamp_scrape":"2025-06-11T12:14:45.831642",
    "ecommerce":"Tokopedia",
    "product_name":"VCO | Virgin Coconut Oil 250 ml – Minyak kelapa Murni",
    "price_raw":"Rp31.697",
    "price_clean":31697.0,
    "shop_name":"Alkahfi Str",
    "sold_count_raw":"250+ terjual",
    "sold_count_clean":250.0,
    "product_url":"https:\/\/www.tokopedia.com\/alkahfi-str\/vco-virgin-coconut-oil-250-ml-minyak-kelapa-murni-1729583663258700496?extParam=ivf%3Dfalse%26keyword%3Dvirgin+coconut+oil%26src%3Dsearch",
    "search_query":"virgin coconut oil",
    "weight_kg":0.25,
    "price_per_kg":126788.0,
    "0":"umum",
    "1":"vco"
  },
  {
    "_id":{
      "$oid":"68491d167013c07662ad8fd3"
    },
    "timestamp_scrape":"2025-06-11T12:14:46.428986",
    "ecommerce":"Tokopedia",
    "product_name":"VCO | Minyak Kelapa | Extra Coconut Oil | Minyak Kelapa VCO Bisa Langsung Diminum | Extra Virgin Coconut Oil",
    "price_raw":"Rp80.900",
    "price_clean":80900.0,
    "shop_name":"syurgakurma",
    "sold_count_raw":"14 terjual",
    "sold_count_clean":14.0,
    "product_url":"https:\/\/www.tokopedia.com\/syurgakurma\/vco-minyak-kelapa-extra-coconut-oil-minyak-kelapa-vco-bisa-langsung-diminum-extra-virgin-coconut-oil-500-ml-bubble-wrap-8ca14?extParam=ivf%3Dfalse%26keyword%3Dvirgin+coconut+oil%26src%3Dsearch",
    "search_query":"virgin coconut oil",
    "weight_kg":null,
    "price_per_kg":null,
    "0":"umum",
    "1":"vco"
  },
  {
    "_id":{
      "$oid":"68491d167013c07662ad8fd4"
    },
    "timestamp_scrape":"2025-06-11T12:14:47.024631",
    "ecommerce":"Tokopedia",
    "product_name":"Coco Mint Minyak Kelapa VCO | Halal MUI Virgin Coconut Oil 250 ML",
    "price_raw":"Rp87.890",
    "price_clean":87890.0,
    "shop_name":"The Spices House",
    "sold_count_raw":"100+ terjual",
    "sold_count_clean":100.0,
    "product_url":"https:\/\/www.tokopedia.com\/thespiceshouse\/coco-mint-minyak-kelapa-vco-halal-mui-virgin-coconut-oil-250-ml?extParam=ivf%3Dfalse%26keyword%3Dvirgin+coconut+oil%26src%3Dsearch",
    "search_query":"virgin coconut oil",
    "weight_kg":0.25,
    "price_per_kg":351560.0,
    "0":"hewan",
    "1":"vco"
  },
  {
    "_id":{
      "$oid":"68491d167013c07662ad8fd5"
    },
    "timestamp_scrape":"2025-06-11T12:14:47.621075",
    "ecommerce":"Tokopedia",
    "product_name":"VCO Virgin Coconut Oil Minyak Kelapa Dara Murni 1 liter 500ml Premium",
    "price_raw":"Rp87.000",
    "price_clean":87000.0,
    "shop_name":"Harra Natural",
    "sold_count_raw":"100+ terjual",
    "sold_count_clean":100.0,
    "product_url":"https:\/\/www.tokopedia.com\/pamulanggrosir\/vco-virgin-coconut-oil-minyak-kelapa-dara-murni-1-liter-500ml-premium-1000ml-81a82?extParam=ivf%3Dfalse%26keyword%3Dvirgin+coconut+oil%26src%3Dsearch",
    "search_query":"virgin coconut oil",
    "weight_kg":1.0,
    "price_per_kg":87000.0,
    "0":"umum",
    "1":"vco"
  },
  {
    "_id":{
      "$oid":"68491d167013c07662ad8fd8"
    },
    "timestamp_scrape":"2025-06-11T12:15:13.810754",
    "ecommerce":"Tokopedia",
    "product_name":"VCO | Virgin Coconut Oil 500 ml – Minyak kelapa Murni",
    "price_raw":"Rp66.500",
    "price_clean":66500.0,
    "shop_name":"Alkahfi Str",
    "sold_count_raw":"3rb+ terjual",
    "sold_count_clean":3000.0,
    "product_url":"https:\/\/www.tokopedia.com\/alkahfi-str\/vco-virgin-coconut-oil-500-ml-minyak-kelapa-murni-1729583663193361104?extParam=ivf%3Dfalse%26keyword%3Dvirgin+coconut+oil%26src%3Dsearch",
    "search_query":"virgin coconut oil",
    "weight_kg":0.5,
    "price_per_kg":133000.0,
    "0":"umum",
    "1":"vco"
  },
  {
    "_id":{
      "$oid":"68491d167013c07662ad8fd9"
    },
    "timestamp_scrape":"2025-06-11T12:15:14.428525",
    "ecommerce":"Tokopedia",
    "product_name":"vco virgin coconut oil obat jamur scabies penambah nafsu makan daya tahan tubuh kucing 30ml",
    "price_raw":"Rp15.000",
    "price_clean":15000.0,
    "shop_name":"Bos Bulu",
    "sold_count_raw":"2rb+ terjual",
    "sold_count_clean":2000.0,
    "product_url":"https:\/\/www.tokopedia.com\/bos-bulu\/vco-virgin-coconut-oil-obat-jamur-scabies-penambah-nafsu-makan-daya-tahan-tubuh-kucing-30ml-1729679607573154811?extParam=ivf%3Dfalse%26keyword%3Dvirgin+coconut+oil%26src%3Dsearch",
    "search_query":"virgin coconut oil",
    "weight_kg":0.03,
    "price_per_kg":500000.0,
    "0":"umum",
    "1":"vco"
  },
  {
    "_id":{
      "$oid":"68491d167013c07662ad8fda"
    },
    "timestamp_scrape":"2025-06-11T12:15:15.020109",
    "ecommerce":"Tokopedia",
    "product_name":"Suka - Virgin Coconut Oil VCO \/ Minyak Kelapa Murni ( 250ml - 500ml )",
    "price_raw":"Rp122.655",
    "price_clean":122655.0,
    "shop_name":"Hydrofarm Pondok Indah",
    "sold_count_raw":"250+ terjual",
    "sold_count_clean":250.0,
    "product_url":"https:\/\/www.tokopedia.com\/hydrofarmpondokindah\/suka-virgin-coconut-oil-vco-minyak-kelapa-murni-250ml-500ml-250ml-edb57?extParam=ivf%3Dfalse%26keyword%3Dvirgin+coconut+oil%26src%3Dsearch",
    "search_query":"virgin coconut oil",
    "weight_kg":0.25,
    "price_per_kg":490620.0,
    "0":"umum",
    "1":"vco"
  },
  {
    "_id":{
      "$oid":"68491d167013c07662ad8fdb"
    },
    "timestamp_scrape":"2025-06-11T12:15:15.611945",
    "ecommerce":"Tokopedia",
    "product_name":"[Ramadhan Sale] Extra Virgin Coconut Oil 1 Liter Organik",
    "price_raw":"Rp109.900",
    "price_clean":109900.0,
    "shop_name":"Civera.ID",
    "sold_count_raw":"80+ terjual",
    "sold_count_clean":80.0,
    "product_url":"https:\/\/www.tokopedia.com\/civeraid\/ramadhan-sale-extra-virgin-coconut-oil-1-liter-organik?extParam=ivf%3Dfalse%26keyword%3Dvirgin+coconut+oil%26src%3Dsearch",
    "search_query":"virgin coconut oil",
    "weight_kg":1.0,
    "price_per_kg":109900.0,
    "0":"umum",
    "1":"vco"
  },
  {
    "_id":{
      "$oid":"68491d167013c07662ad8fdc"
    },
    "timestamp_scrape":"2025-06-11T12:15:16.204192",
    "ecommerce":"Tokopedia",
    "product_name":"Kapsul VCO SAB - Virgin Coconut Oil isi 200",
    "price_raw":"Rp41.000",
    "price_clean":41000.0,
    "shop_name":"Alif Herbal",
    "sold_count_raw":"80+ terjual",
    "sold_count_clean":80.0,
    "product_url":"https:\/\/www.tokopedia.com\/assundari\/kapsul-vco-sab-virgin-coconut-oil-isi-200?extParam=ivf%3Dfalse%26keyword%3Dvirgin+coconut+oil%26src%3Dsearch",
    "search_query":"virgin coconut oil",
    "weight_kg":null,
    "price_per_kg":null,
    "0":"umum",
    "1":"lain"
  },
  {
    "_id":{
      "$oid":"68491d167013c07662ad8fdd"
    },
    "timestamp_scrape":"2025-06-11T12:15:16.797428",
    "ecommerce":"Tokopedia",
    "product_name":"Extra Virgin Coconut Oil 100mL - VCO \/ Minyak Kelapa Murni by DIVV Nature",
    "price_raw":"Rp29.900",
    "price_clean":29900.0,
    "shop_name":"DIVV",
    "sold_count_raw":"10rb+ terjual",
    "sold_count_clean":10000.0,
    "product_url":"https:\/\/www.tokopedia.com\/divv-106\/extra-virgin-coconut-oil-100ml-vco-minyak-kelapa-murni-by-divv-nature-1729986414294305327?extParam=ivf%3Dfalse%26keyword%3Dvirgin+coconut+oil%26src%3Dsearch",
    "search_query":"virgin coconut oil",
    "weight_kg":0.1,
    "price_per_kg":299000.0,
    "0":"umum",
    "1":"vco"
  },
  {
    "_id":{
      "$oid":"68491d167013c07662ad8fde"
    },
    "timestamp_scrape":"2025-06-11T12:15:17.389266",
    "ecommerce":"Tokopedia",
    "product_name":"Extra Virgin Coconut Oil Minyak Vco Original Spray Zahab",
    "price_raw":"Rp9.999",
    "price_clean":9999.0,
    "shop_name":"Likezahab Official Store",
    "sold_count_raw":"16 terjual",
    "sold_count_clean":16.0,
    "product_url":"https:\/\/www.tokopedia.com\/likezahabofficial\/extra-virgin-coconut-oil-minyak-vco-original-spray-zahab-30ml?extParam=ivf%3Dfalse%26keyword%3Dvirgin+coconut+oil%26src%3Dsearch",
    "search_query":"virgin coconut oil",
    "weight_kg":null,
    "price_per_kg":null,
    "0":"umum",
    "1":"evco"
  },
  {
    "_id":{
      "$oid":"68491d167013c07662ad8fdf"
    },
    "timestamp_scrape":"2025-06-11T12:15:17.989223",
    "ecommerce":"Tokopedia",
    "product_name":"Virgin Coconut Oil Maumere VCO CROWN",
    "price_raw":"Rp125.000",
    "price_clean":125000.0,
    "shop_name":"TokoLeoPunya",
    "sold_count_raw":"100+ terjual",
    "sold_count_clean":100.0,
    "product_url":"https:\/\/www.tokopedia.com\/tokoleopunya\/virgin-coconut-oil-maumere-vco-crown?extParam=ivf%3Dfalse%26keyword%3Dvirgin+coconut+oil%26src%3Dsearch",
    "search_query":"virgin coconut oil",
    "weight_kg":null,
    "price_per_kg":null,
    "0":"umum",
    "1":"vco"
  },
  {
    "_id":{
      "$oid":"68491d167013c07662ad8fe0"
    },
    "timestamp_scrape":"2025-06-11T12:15:18.581530",
    "ecommerce":"Tokopedia",
    "product_name":"SUUR LEMOEN Extra Virgin Coconut Oil 500ml Minyak Kelapa Murni VCO 500ml Organik Premium - SUUR LEMOEN DIST JAKARTA",
    "price_raw":"Rp60.000",
    "price_clean":60000.0,
    "shop_name":"SUUR LEMOEN DIST JAKARTA",
    "sold_count_raw":"100+ terjual",
    "sold_count_clean":100.0,
    "product_url":"https:\/\/www.tokopedia.com\/suur-lemoen-dist-jakarta\/suur-lemoen-extra-virgin-coconut-oil-500ml-minyak-kelapa-murni-vco-500ml-organik-premium-suur-lemoen-dist-jakarta-1729826012922873212?extParam=ivf%3Dfalse%26keyword%3Dvirgin+coconut+oil%26src%3Dsearch",
    "search_query":"virgin coconut oil",
    "weight_kg":0.5,
    "price_per_kg":120000.0,
    "0":"umum",
    "1":"vco"
  },
  {
    "_id":{
      "$oid":"68491d167013c07662ad8fe1"
    },
    "timestamp_scrape":"2025-06-11T12:15:19.169651",
    "ecommerce":"Tokopedia",
    "product_name":"Beorganik Extra Virgin Coconut Oil Spray 100ml",
    "price_raw":"Rp25.000",
    "price_clean":25000.0,
    "shop_name":"Healthy Grocery",
    "sold_count_raw":"30+ terjual",
    "sold_count_clean":30.0,
    "product_url":"https:\/\/www.tokopedia.com\/healthygrocery\/beorganik-extra-virgin-coconut-oil-spray-100ml?extParam=ivf%3Dfalse%26keyword%3Dvirgin+coconut+oil%26src%3Dsearch%26whid%3D18150653",
    "search_query":"virgin coconut oil",
    "weight_kg":0.1,
    "price_per_kg":250000.0,
    "0":"umum",
    "1":"vco"
  },
  {
    "_id":{
      "$oid":"68491d167013c07662ad8fe2"
    },
    "timestamp_scrape":"2025-06-11T12:15:19.775662",
    "ecommerce":"Tokopedia",
    "product_name":"Virgin Coconut Oil- VCO -Ikan Dorang 150ml Stick - Minyak Kelapa Murni",
    "price_raw":"Rp45.000",
    "price_clean":45000.0,
    "shop_name":"Ikan Dorang_NEW",
    "sold_count_raw":"250+ terjual",
    "sold_count_clean":250.0,
    "product_url":"https:\/\/www.tokopedia.com\/archive-ptikandorang\/virgin-coconut-oil-vco-ikan-dorang-150ml-stick-minyak-kelapa-murni?extParam=ivf%3Dfalse%26keyword%3Dvirgin+coconut+oil%26src%3Dsearch",
    "search_query":"virgin coconut oil",
    "weight_kg":0.15,
    "price_per_kg":300000.0,
    "0":"umum",
    "1":"lain"
  },
  {
    "_id":{
      "$oid":"68491d167013c07662ad8fe5"
    },
    "timestamp_scrape":"2025-06-11T12:15:50.827400",
    "ecommerce":"Tokopedia",
    "product_name":"Fineco Extra Virgin Coconut Oil 1 Liter - EVCO by De Health Supplies",
    "price_raw":"Rp244.200",
    "price_clean":244200.0,
    "shop_name":"Chandra Jaya Food Supply",
    "sold_count_raw":"3 terjual",
    "sold_count_clean":3.0,
    "product_url":"https:\/\/www.tokopedia.com\/chandrajayafood\/fineco-extra-virgin-coconut-oil-1-liter-evco-by-de-health-supplies?extParam=ivf%3Dfalse%26keyword%3Dvirgin+coconut+oil%26src%3Dsearch",
    "search_query":"virgin coconut oil",
    "weight_kg":1.0,
    "price_per_kg":244200.0,
    "0":"umum",
    "1":"vco"
  },
  {
    "_id":{
      "$oid":"68491d167013c07662ad8fe6"
    },
    "timestamp_scrape":"2025-06-11T12:15:51.419266",
    "ecommerce":"Tokopedia",
    "product_name":"VCO Extra Organic Virgin Coconut Oil - Vitamin Hewan",
    "price_raw":"Rp45.000",
    "price_clean":45000.0,
    "shop_name":"Pet.co Tangsel",
    "sold_count_raw":"8 terjual",
    "sold_count_clean":8.0,
    "product_url":"https:\/\/www.tokopedia.com\/petcotangsel\/vco-extra-organic-virgin-coconut-oil-vitamin-hewan?extParam=ivf%3Dfalse%26keyword%3Dvirgin+coconut+oil%26src%3Dsearch",
    "search_query":"virgin coconut oil",
    "weight_kg":null,
    "price_per_kg":null,
    "0":"umum",
    "1":"vco"
  },
  {
    "_id":{
      "$oid":"68491d167013c07662ad8fe7"
    },
    "timestamp_scrape":"2025-06-11T12:15:52.011478",
    "ecommerce":"Tokopedia",
    "product_name":"VICO OIL 77 isi 125 ml minyak VCO virgin coconut oil 125ml KHARISMA",
    "price_raw":"Rp19.000",
    "price_clean":19000.0,
    "shop_name":"Nayla Agency",
    "sold_count_raw":"100+ terjual",
    "sold_count_clean":100.0,
    "product_url":"https:\/\/www.tokopedia.com\/naylaagency\/vico-oil-77-isi-125-ml-minyak-vco-virgin-coconut-oil-125ml-kharisma?extParam=ivf%3Dfalse%26keyword%3Dvirgin+coconut+oil%26src%3Dsearch",
    "search_query":"virgin coconut oil",
    "weight_kg":0.125,
    "price_per_kg":152000.0,
    "0":"hewan",
    "1":"vco"
  },
  {
    "_id":{
      "$oid":"68491d167013c07662ad8fe8"
    },
    "timestamp_scrape":"2025-06-11T12:15:52.603608",
    "ecommerce":"Tokopedia",
    "product_name":"Minyak Exrta Virgin Coconut Oil VCO \/\/ vco nutrifresh 500ml",
    "price_raw":"Rp120.000",
    "price_clean":120000.0,
    "shop_name":"Al-Barru herbal",
    "sold_count_raw":"9 terjual",
    "sold_count_clean":9.0,
    "product_url":"https:\/\/www.tokopedia.com\/al-barru-herbal\/minyak-exrta-virgin-coconut-oil-vco-vco-nutrifresh-500ml-1731040216579933314?extParam=ivf%3Dfalse%26keyword%3Dvirgin+coconut+oil%26src%3Dsearch",
    "search_query":"virgin coconut oil",
    "weight_kg":0.5,
    "price_per_kg":240000.0,
    "0":"hewan",
    "1":"lain"
  },
  {
    "_id":{
      "$oid":"68491d167013c07662ad8fe9"
    },
    "timestamp_scrape":"2025-06-11T12:15:53.198581",
    "ecommerce":"Tokopedia",
    "product_name":"Fineco Extra Virgin Coconut Oil 250 ml",
    "price_raw":"Rp72.150",
    "price_clean":72150.0,
    "shop_name":"Toko Organik Kebun Kita",
    "sold_count_raw":"20 terjual",
    "sold_count_clean":20.0,
    "product_url":"https:\/\/www.tokopedia.com\/kebunkita\/fineco-extra-virgin-coconut-oil-250-ml?extParam=ivf%3Dfalse%26keyword%3Dvirgin+coconut+oil%26src%3Dsearch",
    "search_query":"virgin coconut oil",
    "weight_kg":0.25,
    "price_per_kg":288600.0,
    "0":"hewan",
    "1":"lain"
  },
  {
    "_id":{
      "$oid":"68491d167013c07662ad8fea"
    },
    "timestamp_scrape":"2025-06-11T12:15:53.791827",
    "ecommerce":"Tokopedia",
    "product_name":"Dari Bumi Virgin Coconut Oil | Premium Pure VCO Minyak Kelapa Murni",
    "price_raw":"Rp67.500",
    "price_clean":67500.0,
    "shop_name":"twentytwo.seven",
    "sold_count_raw":"7 terjual",
    "sold_count_clean":7.0,
    "product_url":"https:\/\/www.tokopedia.com\/twentytwoseven\/dari-bumi-virgin-coconut-oil-premium-pure-vco-minyak-kelapa-murni-500-ml-19da4?extParam=ivf%3Dfalse%26keyword%3Dvirgin+coconut+oil%26src%3Dsearch",
    "search_query":"virgin coconut oil",
    "weight_kg":null,
    "price_per_kg":null,
    "0":"umum",
    "1":"vco"
  },
  {
    "_id":{
      "$oid":"68491d167013c07662ad8feb"
    },
    "timestamp_scrape":"2025-06-11T12:15:54.383472",
    "ecommerce":"Tokopedia",
    "product_name":"Virgin Coconut Oil 250 ml Pure VCO Minyak Kelapa Murni",
    "price_raw":"Rp36.500",
    "price_clean":36500.0,
    "shop_name":"La Tahzan Fruit",
    "sold_count_raw":"2rb+ terjual",
    "sold_count_clean":2000.0,
    "product_url":"https:\/\/www.tokopedia.com\/latahzanfruit\/virgin-coconut-oil-250-ml-pure-vco-minyak-kelapa-murni?extParam=ivf%3Dfalse%26keyword%3Dvirgin+coconut+oil%26src%3Dsearch",
    "search_query":"virgin coconut oil",
    "weight_kg":0.25,
    "price_per_kg":146000.0,
    "0":"rambut",
    "1":"vco"
  },
  {
    "_id":{
      "$oid":"68491d167013c07662ad8fec"
    },
    "timestamp_scrape":"2025-06-11T12:15:54.977234",
    "ecommerce":"Tokopedia",
    "product_name":"Virgin Coconut Oil 500ml - Minyak Kelapa Murni VCO",
    "price_raw":"Rp72.000",
    "price_clean":72000.0,
    "shop_name":"Bali Coconut",
    "sold_count_raw":"1rb+ terjual",
    "sold_count_clean":1000.0,
    "product_url":"https:\/\/www.tokopedia.com\/idnic\/virgin-coconut-oil-500ml-minyak-kelapa-murni-vco?extParam=ivf%3Dfalse%26keyword%3Dvirgin+coconut+oil%26src%3Dsearch",
    "search_query":"virgin coconut oil",
    "weight_kg":0.5,
    "price_per_kg":144000.0,
    "0":"hewan",
    "1":"vco"
  },
  {
    "_id":{
      "$oid":"68491d167013c07662ad8fed"
    },
    "timestamp_scrape":"2025-06-11T12:15:55.567911",
    "ecommerce":"Tokopedia",
    "product_name":"Nandhi VCO virgin coconut oil 1000ml, 500ml, 250ml, 100ml. Pure VCO",
    "price_raw":"Rp15.000",
    "price_clean":15000.0,
    "shop_name":"Nandhi Balinese Made",
    "sold_count_raw":"60+ terjual",
    "sold_count_clean":60.0,
    "product_url":"https:\/\/www.tokopedia.com\/nksco\/nandhi-vco-virgin-coconut-oil-1000ml-500ml-250ml-100ml-pure-vco-100ml-790d9?extParam=ivf%3Dfalse%26keyword%3Dvirgin+coconut+oil%26src%3Dsearch",
    "search_query":"virgin coconut oil",
    "weight_kg":1.0,
    "price_per_kg":15000.0,
    "0":"umum",
    "1":"vco"
  },
  {
    "_id":{
      "$oid":"68491d167013c07662ad8fee"
    },
    "timestamp_scrape":"2025-06-11T12:15:56.159990",
    "ecommerce":"Tokopedia",
    "product_name":"Virgin Coconut Oil Spray - VCO Spray Obat Jamur Kucing Scabies 20ml",
    "price_raw":"Rp39.000",
    "price_clean":39000.0,
    "shop_name":"AL Petshop Kemang",
    "sold_count_raw":"11 terjual",
    "sold_count_clean":11.0,
    "product_url":"https:\/\/www.tokopedia.com\/al-petshopkemang\/virgin-coconut-oil-spray-vco-spray-obat-jamur-kucing-scabies-20ml-pipet?extParam=ivf%3Dfalse%26keyword%3Dvirgin+coconut+oil%26src%3Dsearch",
    "search_query":"virgin coconut oil",
    "weight_kg":0.02,
    "price_per_kg":1950000.0,
    "0":"umum",
    "1":"vco"
  },
  {
    "_id":{
      "$oid":"68491d167013c07662ad8fef"
    },
    "timestamp_scrape":"2025-06-11T12:15:56.754493",
    "ecommerce":"Tokopedia",
    "product_name":"GULAPAWS Vitamin Kucing Anjing Virgin Coconut Oil 250ml",
    "price_raw":"Rp104.000",
    "price_clean":104000.0,
    "shop_name":"Pet Republic Indonesia",
    "sold_count_raw":"10 terjual",
    "sold_count_clean":10.0,
    "product_url":"https:\/\/www.tokopedia.com\/petrepublicjakar\/gulapaws-vitamin-kucing-anjing-virgin-coconut-oil-250ml-1729614945867696511?extParam=ivf%3Dfalse%26keyword%3Dvirgin+coconut+oil%26src%3Dsearch",
    "search_query":"virgin coconut oil",
    "weight_kg":0.25,
    "price_per_kg":416000.0,
    "0":"umum",
    "1":"lain"
  },
  {
    "_id":{
      "$oid":"68491d167013c07662ad8ff2"
    },
    "timestamp_scrape":"2025-06-11T12:16:22.541644",
    "ecommerce":"Tokopedia",
    "product_name":"Virgin Coconut Oil 100ml | Anjing Kucing | Leryspet",
    "price_raw":"Rp30.000",
    "price_clean":30000.0,
    "shop_name":"Lerys Pets",
    "sold_count_raw":"100+ terjual",
    "sold_count_clean":100.0,
    "product_url":"https:\/\/www.tokopedia.com\/leryspets\/virgin-coconut-oil-100ml-anjing-kucing-leryspet?extParam=ivf%3Dfalse%26keyword%3Dvirgin+coconut+oil%26src%3Dsearch",
    "search_query":"virgin coconut oil",
    "weight_kg":0.1,
    "price_per_kg":300000.0,
    "0":"hewan",
    "1":"vco"
  },
  {
    "_id":{
      "$oid":"68491d167013c07662ad8ff3"
    },
    "timestamp_scrape":"2025-06-11T12:16:23.131016",
    "ecommerce":"Tokopedia",
    "product_name":"VCO Virgin Coconut Oil 250ml | Minyak Kelapa Murni | VCO 100% Alami",
    "price_raw":"Rp30.000",
    "price_clean":30000.0,
    "shop_name":"Qoni_store2437",
    "sold_count_raw":"21 terjual",
    "sold_count_clean":21.0,
    "product_url":"https:\/\/www.tokopedia.com\/qonistore2437\/vco-virgin-coconut-oil-250ml-minyak-kelapa-murni-vco-100-alami?extParam=ivf%3Dfalse%26keyword%3Dvirgin+coconut+oil%26src%3Dsearch",
    "search_query":"virgin coconut oil",
    "weight_kg":0.25,
    "price_per_kg":120000.0,
    "0":"hewan",
    "1":"lain"
  },
  {
    "_id":{
      "$oid":"68491d167013c07662ad8ff4"
    },
    "timestamp_scrape":"2025-06-11T12:16:23.718502",
    "ecommerce":"Tokopedia",
    "product_name":"NATURLIFE VIRGIN COCONUT OIL ORIGINAL ( FREE ONGKIR ) QUALITY VCO ASLI MURNI ORGANIK PREMIUM MINYAK KELAPA 100ML & 250ML & 500ML & 1000ML VIRGIN COCONUT OIL UNTUK RAMBUT & WAJAH & BAYI  & MINUM BUKAN BLANTIKA",
    "price_raw":"Rp30.800",
    "price_clean":30800.0,
    "shop_name":"RASA NUSANTARA.",
    "sold_count_raw":"16 terjual",
    "sold_count_clean":16.0,
    "product_url":"https:\/\/www.tokopedia.com\/rasanusantara-1\/naturlife-virgin-coconut-oil-original-free-ongkir-quality-vco-asli-murni-organik-premium-minyak-kelapa-100ml-250ml-500ml-1000ml-virgin-coconut-oil-untuk-rambut-wajah-bayi-minum-bukan-blantika-1730799706166035622?extParam=ivf%3Dfalse%26keyword%3Dvirgin+coconut+oil%26src%3Dsearch",
    "search_query":"virgin coconut oil",
    "weight_kg":0.1,
    "price_per_kg":308000.0,
    "0":"umum",
    "1":"vco"
  },
  {
    "_id":{
      "$oid":"68491d167013c07662ad8ff5"
    },
    "timestamp_scrape":"2025-06-11T12:16:24.314979",
    "ecommerce":"Tokopedia",
    "product_name":"Obat Jamur Scabies Kucing Anjing Minyak VCO Virgin Coconut Oil",
    "price_raw":"Rp16.800",
    "price_clean":16800.0,
    "shop_name":"ciproetpetshop",
    "sold_count_raw":"30+ terjual",
    "sold_count_clean":30.0,
    "product_url":"https:\/\/www.tokopedia.com\/ciproet\/obat-jamur-scabies-kucing-anjing-minyak-vco-virgin-coconut-oil-30ml?extParam=ivf%3Dfalse%26keyword%3Dvirgin+coconut+oil%26src%3Dsearch",
    "search_query":"virgin coconut oil",
    "weight_kg":null,
    "price_per_kg":null,
    "0":"umum",
    "1":"vco"
  },
  {
    "_id":{
      "$oid":"68491d167013c07662ad8ff6"
    },
    "timestamp_scrape":"2025-06-11T12:16:24.902208",
    "ecommerce":"Tokopedia",
    "product_name":"Virgin Coconut Oil VCO Agrilife - Organik Cold Pressed - 450 mL",
    "price_raw":"Rp359.000",
    "price_clean":359000.0,
    "shop_name":"Vyasa Wellness",
    "sold_count_raw":"100+ terjual",
    "sold_count_clean":100.0,
    "product_url":"https:\/\/www.tokopedia.com\/vyasawellness\/virgin-coconut-oil-vco-agrilife-organik-cold-pressed-450-ml?extParam=ivf%3Dfalse%26keyword%3Dvirgin+coconut+oil%26src%3Dsearch",
    "search_query":"virgin coconut oil",
    "weight_kg":0.45,
    "price_per_kg":797777.7777777778,
    "0":"umum",
    "1":"vco"
  },
  {
    "_id":{
      "$oid":"68491d167013c07662ad8ff7"
    },
    "timestamp_scrape":"2025-06-11T12:16:25.488373",
    "ecommerce":"Tokopedia",
    "product_name":"Fineco Virgin Coconut Oil 250 ml - VCO dari De Health Supplies",
    "price_raw":"Rp72.150",
    "price_clean":72150.0,
    "shop_name":"Fatih Kitchen",
    "sold_count_raw":"500+ terjual",
    "sold_count_clean":500.0,
    "product_url":"https:\/\/www.tokopedia.com\/fatih-kitchen\/fineco-virgin-coconut-oil-250-ml-vco-dari-de-health-supplies?extParam=ivf%3Dfalse%26keyword%3Dvirgin+coconut+oil%26src%3Dsearch",
    "search_query":"virgin coconut oil",
    "weight_kg":0.25,
    "price_per_kg":288600.0,
    "0":"hewan",
    "1":"vco"
  },
  {
    "_id":{
      "$oid":"68491d167013c07662ad8ff8"
    },
    "timestamp_scrape":"2025-06-11T12:16:26.074022",
    "ecommerce":"Tokopedia",
    "product_name":"Concos Virgin Coconut Oil \/ Minyak Kelapa Untuk Anak",
    "price_raw":"Rp31.900",
    "price_clean":31900.0,
    "shop_name":"Twins Babyshop",
    "sold_count_raw":"8 terjual",
    "sold_count_clean":8.0,
    "product_url":"https:\/\/www.tokopedia.com\/twins-babyshop-780\/concos-virgin-coconut-oil-minyak-kelapa-untuk-anak-1730842414981809174?extParam=ivf%3Dfalse%26keyword%3Dvirgin+coconut+oil%26src%3Dsearch",
    "search_query":"virgin coconut oil",
    "weight_kg":null,
    "price_per_kg":null,
    "0":"umum",
    "1":"vco"
  },
  {
    "_id":{
      "$oid":"68491d167013c07662ad8ff9"
    },
    "timestamp_scrape":"2025-06-11T12:16:26.659612",
    "ecommerce":"Tokopedia",
    "product_name":"VCO Virgin Coconut Oil Kelapa Murni Vitamin Anjing Kucing Hewan 100ml",
    "price_raw":"Rp45.000",
    "price_clean":45000.0,
    "shop_name":"The Little Friend",
    "sold_count_raw":"100+ terjual",
    "sold_count_clean":100.0,
    "product_url":"https:\/\/www.tokopedia.com\/thelittlefriend\/vco-virgin-coconut-oil-kelapa-murni-vitamin-anjing-kucing-hewan-100ml-1729576321833011377?extParam=ivf%3Dfalse%26keyword%3Dvirgin+coconut+oil%26src%3Dsearch",
    "search_query":"virgin coconut oil",
    "weight_kg":0.1,
    "price_per_kg":450000.0,
    "0":"umum",
    "1":"evco"
  },
  {
    "_id":{
      "$oid":"68491d167013c07662ad8ffa"
    },
    "timestamp_scrape":"2025-06-11T12:16:27.248894",
    "ecommerce":"Tokopedia",
    "product_name":"Vico Bagoes Extra Virgin Coconut Oil 500ml",
    "price_raw":"Rp88.500",
    "price_clean":88500.0,
    "shop_name":"Mentari Healthy Corner",
    "sold_count_raw":"28 terjual",
    "sold_count_clean":28.0,
    "product_url":"https:\/\/www.tokopedia.com\/mentari911\/vico-bagoes-extra-virgin-coconut-oil-500ml?extParam=ivf%3Dfalse%26keyword%3Dvirgin+coconut+oil%26src%3Dsearch",
    "search_query":"virgin coconut oil",
    "weight_kg":0.5,
    "price_per_kg":177000.0,
    "0":"umum",
    "1":"vco"
  },
  {
    "_id":{
      "$oid":"68491d167013c07662ad8ffb"
    },
    "timestamp_scrape":"2025-06-11T12:16:27.841768",
    "ecommerce":"Tokopedia",
    "product_name":"Minyak VCO Hewan 150ml virgin coconut oil Kucing anjing kelinci musang",
    "price_raw":"Rp28.000",
    "price_clean":28000.0,
    "shop_name":"Brother Petshop Online",
    "sold_count_raw":"100+ terjual",
    "sold_count_clean":100.0,
    "product_url":"https:\/\/www.tokopedia.com\/brotherpetshop\/minyak-vco-hewan-150ml-virgin-coconut-oil-kucing-anjing-kelinci-musang?extParam=ivf%3Dfalse%26keyword%3Dvirgin+coconut+oil%26src%3Dsearch",
    "search_query":"virgin coconut oil",
    "weight_kg":0.15,
    "price_per_kg":186666.6666666667,
    "0":"hewan",
    "1":"vco"
  },
  {
    "_id":{
      "$oid":"68491d167013c07662ad8ffc"
    },
    "timestamp_scrape":"2025-06-11T12:16:28.433760",
    "ecommerce":"Tokopedia",
    "product_name":"Lolillo Barkery - Virgin Coconut Oil \/ Vitamin Anjing Peliharaan 100ml",
    "price_raw":"Rp33.000",
    "price_clean":33000.0,
    "shop_name":"CaptainPetId",
    "sold_count_raw":"30+ terjual",
    "sold_count_clean":30.0,
    "product_url":"https:\/\/www.tokopedia.com\/captainpetid\/lolillo-barkery-virgin-coconut-oil-vitamin-anjing-peliharaan-100ml?extParam=ivf%3Dfalse%26keyword%3Dvirgin+coconut+oil%26src%3Dsearch",
    "search_query":"virgin coconut oil",
    "weight_kg":0.1,
    "price_per_kg":330000.0,
    "0":"umum",
    "1":"lain"
  },
  {
    "_id":{
      "$oid":"68491d167013c07662ad8fff"
    },
    "timestamp_scrape":"2025-06-11T12:16:55.108897",
    "ecommerce":"Tokopedia",
    "product_name":"Vico Bagoes Extra Virgin Coconut Oil (VCO) 1Liter\/ 500ml",
    "price_raw":"Rp136.000",
    "price_clean":136000.0,
    "shop_name":"PRODUK_ORGANIK",
    "sold_count_raw":"3 terjual",
    "sold_count_clean":3.0,
    "product_url":"https:\/\/www.tokopedia.com\/tepus-ba\/vico-bagoes-extra-virgin-coconut-oil-vco-1liter-500ml-500ml?extParam=ivf%3Dfalse%26keyword%3Dvirgin+coconut+oil%26src%3Dsearch",
    "search_query":"virgin coconut oil",
    "weight_kg":1.0,
    "price_per_kg":136000.0,
    "0":"umum",
    "1":"vco"
  },
  {
    "_id":{
      "$oid":"68491d167013c07662ad9000"
    },
    "timestamp_scrape":"2025-06-11T12:16:55.699129",
    "ecommerce":"Tokopedia",
    "product_name":"Vico Bagoes VCO Virgin Coconut Oil, Minyak Kelapa 1 Liter",
    "price_raw":"Rp165.000",
    "price_clean":165000.0,
    "shop_name":"HouseHerbal",
    "sold_count_raw":"4rb+ terjual",
    "sold_count_clean":4000.0,
    "product_url":"https:\/\/www.tokopedia.com\/househerbal\/vico-bagoes-vco-virgin-coconut-oil-minyak-kelapa-1-liter-1-pcs?extParam=ivf%3Dfalse%26keyword%3Dvirgin+coconut+oil%26src%3Dsearch",
    "search_query":"virgin coconut oil",
    "weight_kg":1.0,
    "price_per_kg":165000.0,
    "0":"hewan",
    "1":"vco"
  },
  {
    "_id":{
      "$oid":"68491d167013c07662ad9001"
    },
    "timestamp_scrape":"2025-06-11T12:16:56.288959",
    "ecommerce":"Tokopedia",
    "product_name":"PAKET MESIN PEMBUAT MINYAK VCO - VIRGIN COCONUT OIL",
    "price_raw":"Rp150",
    "price_clean":150.0,
    "shop_name":"Ar Mesin Industri",
    "sold_count_raw":"30+ terjual",
    "sold_count_clean":30.0,
    "product_url":"https:\/\/www.tokopedia.com\/armesinindustri\/paket-mesin-pembuat-minyak-vco-virgin-coconut-oil?extParam=ivf%3Dfalse%26keyword%3Dvirgin+coconut+oil%26src%3Dsearch",
    "search_query":"virgin coconut oil",
    "weight_kg":null,
    "price_per_kg":null,
    "0":"umum",
    "1":"vco"
  },
  {
    "_id":{
      "$oid":"68491d167013c07662ad9002"
    },
    "timestamp_scrape":"2025-06-11T12:16:56.875692",
    "ecommerce":"Tokopedia",
    "product_name":"Vitamin Kucing dan Anjing Minyak VCO Virgin Coconut Oil Well Minyak Kelapa Obat Anti Jamur Scabies Obat Luka Dalam dan Luar Hewan",
    "price_raw":"Rp12.000",
    "price_clean":12000.0,
    "shop_name":"MC gudang",
    "sold_count_raw":"4 terjual",
    "sold_count_clean":4.0,
    "product_url":"https:\/\/www.tokopedia.com\/mcgudang\/vitamin-kucing-dan-anjing-minyak-vco-virgin-coconut-oil-well-minyak-kelapa-obat-anti-jamur-scabies-obat-luka-dalam-dan-luar-hewan-30-ml-62f5f?extParam=ivf%3Dfalse%26keyword%3Dvirgin+coconut+oil%26src%3Dsearch",
    "search_query":"virgin coconut oil",
    "weight_kg":null,
    "price_per_kg":null,
    "0":"umum",
    "1":"evco"
  },
  {
    "_id":{
      "$oid":"68491d167013c07662ad9003"
    },
    "timestamp_scrape":"2025-06-11T12:16:57.463097",
    "ecommerce":"Tokopedia",
    "product_name":"Vco ( Virgin Coconut Oil ) Super Minyak kelapa 350 ml",
    "price_raw":"Rp21.000",
    "price_clean":21000.0,
    "shop_name":"Anugrah Jakarta_NEW",
    "sold_count_raw":"1 terjual",
    "sold_count_clean":1.0,
    "product_url":"https:\/\/www.tokopedia.com\/anugrah-jakarta-575\/vco-virgin-coconut-oil-super-minyak-kelapa-350-ml?extParam=ivf%3Dfalse%26keyword%3Dvirgin+coconut+oil%26src%3Dsearch",
    "search_query":"virgin coconut oil",
    "weight_kg":0.35,
    "price_per_kg":60000.0,
    "0":"umum",
    "1":"vco"
  },
  {
    "_id":{
      "$oid":"68491d167013c07662ad9004"
    },
    "timestamp_scrape":"2025-06-11T12:16:58.049396",
    "ecommerce":"Tokopedia",
    "product_name":"Minyak VCO EVCO TRILOGI Murni Virgin Coconut Oil 1 Liter",
    "price_raw":"Rp10.277",
    "price_clean":10277.0,
    "shop_name":"Lestarizen_NEW",
    "sold_count_raw":"4 terjual",
    "sold_count_clean":4.0,
    "product_url":"https:\/\/www.tokopedia.com\/lestarizen\/minyak-vco-evco-trilogi-murni-virgin-coconut-oil-1-liter-1729715751105038275?extParam=ivf%3Dfalse%26keyword%3Dvirgin+coconut+oil%26src%3Dsearch",
    "search_query":"virgin coconut oil",
    "weight_kg":1.0,
    "price_per_kg":10277.0,
    "0":"umum",
    "1":"lain"
  },
  {
    "_id":{
      "$oid":"68491d167013c07662ad9005"
    },
    "timestamp_scrape":"2025-06-11T12:16:58.642323",
    "ecommerce":"Tokopedia",
    "product_name":"VCO \/ virgin coconut oil \/ natural 100ml",
    "price_raw":"Rp30.499",
    "price_clean":30499.0,
    "shop_name":"KIMIA MARKET OFFICIAL",
    "sold_count_raw":"29 terjual",
    "sold_count_clean":29.0,
    "product_url":"https:\/\/www.tokopedia.com\/kimiamarket\/vco-virgin-coconut-oil-natural-100ml?extParam=ivf%3Dfalse%26keyword%3Dvirgin+coconut+oil%26src%3Dsearch",
    "search_query":"virgin coconut oil",
    "weight_kg":0.1,
    "price_per_kg":304990.0,
    "0":"umum",
    "1":"vco"
  },
  {
    "_id":{
      "$oid":"68491d167013c07662ad9006"
    },
    "timestamp_scrape":"2025-06-11T12:16:59.240275",
    "ecommerce":"Tokopedia",
    "product_name":"PUCO VIRGIN COCONUT OIL MINYAK VCO KUCING ANJING OBAT JAMUR SCABIES",
    "price_raw":"Rp22.999",
    "price_clean":22999.0,
    "shop_name":"Olive Tree.id",
    "sold_count_raw":"23 terjual",
    "sold_count_clean":23.0,
    "product_url":"https:\/\/www.tokopedia.com\/otreeid\/puco-virgin-coconut-oil-minyak-vco-kucing-anjing-obat-jamur-scabies?extParam=ivf%3Dfalse%26keyword%3Dvirgin+coconut+oil%26src%3Dsearch",
    "search_query":"virgin coconut oil",
    "weight_kg":null,
    "price_per_kg":null,
    "0":"umum",
    "1":"lain"
  },
  {
    "_id":{
      "$oid":"68491d167013c07662ad9007"
    },
    "timestamp_scrape":"2025-06-11T12:16:59.826198",
    "ecommerce":"Tokopedia",
    "product_name":"Darjeeling Virgin Coconut Pure Carrier Oil \/ Minyak Kelapa Therapeutic Grade - 500ml",
    "price_raw":"Rp113.000",
    "price_clean":113000.0,
    "shop_name":"Darjeeling Store",
    "sold_count_raw":"500+ terjual",
    "sold_count_clean":500.0,
    "product_url":"https:\/\/www.tokopedia.com\/darjeelingstore\/darjeeling-virgin-coconut-pure-carrier-oil-minyak-kelapa-therapeutic-grade-500ml-1731183514534446933?extParam=ivf%3Dtrue%26keyword%3Dvirgin+coconut+oil%26src%3Dsearch",
    "search_query":"virgin coconut oil",
    "weight_kg":0.5,
    "price_per_kg":226000.0,
    "0":"umum",
    "1":"vco"
  },
  {
    "_id":{
      "$oid":"68491d167013c07662ad9008"
    },
    "timestamp_scrape":"2025-06-11T12:17:00.417910",
    "ecommerce":"Tokopedia",
    "product_name":"VCO \/ VIRGIN COCONUT OIL \/ VCO SR12 \/ VICO SR12 CAIR 60 ml BPOM",
    "price_raw":"Rp34.500",
    "price_clean":34500.0,
    "shop_name":"CV ARFA Herbal Shop",
    "sold_count_raw":"30+ terjual",
    "sold_count_clean":30.0,
    "product_url":"https:\/\/www.tokopedia.com\/cv-arfa-shop\/vco-virgin-coconut-oil-vco-sr12-vico-sr12-cair-60-ml-bpom?extParam=ivf%3Dfalse%26keyword%3Dvirgin+coconut+oil%26src%3Dsearch",
    "search_query":"virgin coconut oil",
    "weight_kg":0.06,
    "price_per_kg":575000.0,
    "0":"hewan",
    "1":"lain"
  },
  {
    "_id":{
      "$oid":"68491d167013c07662ad9009"
    },
    "timestamp_scrape":"2025-06-11T12:17:01.008707",
    "ecommerce":"Tokopedia",
    "product_name":"VCO Virgin Coconut Oil Minyak Kelapa Murni 100% ABBAS 125 ml",
    "price_raw":"Rp20.000",
    "price_clean":20000.0,
    "shop_name":"PedagangHerbal",
    "sold_count_raw":"100+ terjual",
    "sold_count_clean":100.0,
    "product_url":"https:\/\/www.tokopedia.com\/pedagangherbal-1\/vco-virgin-coconut-oil-minyak-kelapa-murni-100-abbas-125-ml?extParam=ivf%3Dfalse%26keyword%3Dvirgin+coconut+oil%26src%3Dsearch",
    "search_query":"virgin coconut oil",
    "weight_kg":0.125,
    "price_per_kg":160000.0,
    "0":"umum",
    "1":"vco"
  },
  {
    "_id":{
      "$oid":"68491d167013c07662ad900c"
    },
    "timestamp_scrape":"2025-06-11T12:17:26.810774",
    "ecommerce":"Tokopedia",
    "product_name":"Natira - Organic Virgin Coconut Oil (VCO) Natira 100ml VCO Minyak Kelapa Alami",
    "price_raw":"Rp23.000",
    "price_clean":23000.0,
    "shop_name":"Natira Indonesia",
    "sold_count_raw":"500+ terjual",
    "sold_count_clean":500.0,
    "product_url":"https:\/\/www.tokopedia.com\/natira\/organic-virgin-coconut-oil-vco-natira-100ml-spray-cap-7dd6a?extParam=ivf%3Dfalse%26keyword%3Dvirgin+coconut+oil%26src%3Dsearch",
    "search_query":"virgin coconut oil",
    "weight_kg":0.1,
    "price_per_kg":230000.0,
    "0":"umum",
    "1":"vco"
  },
  {
    "_id":{
      "$oid":"68491d167013c07662ad900d"
    },
    "timestamp_scrape":"2025-06-11T12:17:27.394039",
    "ecommerce":"Tokopedia",
    "product_name":"MINYAK VCO KUCING VIRGIN COCONUT OIL KUCING ANJING TERMURAH",
    "price_raw":"Rp9.499",
    "price_clean":9499.0,
    "shop_name":"rasdan petshop",
    "sold_count_raw":"100+ terjual",
    "sold_count_clean":100.0,
    "product_url":"https:\/\/www.tokopedia.com\/rasdanpetshop\/minyak-vco-kucing-virgin-coconut-oil-kucing-anjing-termurah?extParam=ivf%3Dfalse%26keyword%3Dvirgin+coconut+oil%26src%3Dsearch",
    "search_query":"virgin coconut oil",
    "weight_kg":null,
    "price_per_kg":null,
    "0":"hewan",
    "1":"vco"
  },
  {
    "_id":{
      "$oid":"68491d167013c07662ad900e"
    },
    "timestamp_scrape":"2025-06-11T12:17:27.986131",
    "ecommerce":"Tokopedia",
    "product_name":"Belajar Sehat VCO Extra Virgin Coconut Oil 100Ml Minyak Kelapa Murni Bisa diminum",
    "price_raw":"Rp30.000",
    "price_clean":30000.0,
    "shop_name":"Belajar Sehat",
    "sold_count_raw":"100+ terjual",
    "sold_count_clean":100.0,
    "product_url":"https:\/\/www.tokopedia.com\/belajarsehat-1\/belajar-sehat-vco-extra-virgin-coconut-oil-100ml-minyak-kelapa-murni-bisa-diminum?extParam=ivf%3Dfalse%26keyword%3Dvirgin+coconut+oil%26src%3Dsearch",
    "search_query":"virgin coconut oil",
    "weight_kg":0.1,
    "price_per_kg":300000.0,
    "0":"umum",
    "1":"vco"
  },
  {
    "_id":{
      "$oid":"68491d167013c07662ad900f"
    },
    "timestamp_scrape":"2025-06-11T12:17:28.577660",
    "ecommerce":"Tokopedia",
    "product_name":"SAVICO LIGHT EVCO (EXTRA VIRGIN COCONUT OIL) by SAGHA",
    "price_raw":"Rp115.000",
    "price_clean":115000.0,
    "shop_name":"saghaoilsurabaya",
    "sold_count_raw":"250+ terjual",
    "sold_count_clean":250.0,
    "product_url":"https:\/\/www.tokopedia.com\/saghaoilsurabaya\/savico-light-evco-extra-virgin-coconut-oil-by-sagha?extParam=ivf%3Dfalse%26keyword%3Dvirgin+coconut+oil%26src%3Dsearch",
    "search_query":"virgin coconut oil",
    "weight_kg":null,
    "price_per_kg":null,
    "0":"umum",
    "1":"vco"
  },
  {
    "_id":{
      "$oid":"68491d167013c07662ad9010"
    },
    "timestamp_scrape":"2025-06-11T12:17:29.165505",
    "ecommerce":"Tokopedia",
    "product_name":"VCO Virgin Coconut Oil 60 Kapsul - 100% Minyak Kelapa Murni",
    "price_raw":"Rp22.500",
    "price_clean":22500.0,
    "shop_name":"GUDANG_HERBAL JAKARTA",
    "sold_count_raw":"14 terjual",
    "sold_count_clean":14.0,
    "product_url":"https:\/\/www.tokopedia.com\/gudangherbaljakarta\/vco-virgin-coconut-oil-60-kapsul-100-minyak-kelapa-murni?extParam=ivf%3Dfalse%26keyword%3Dvirgin+coconut+oil%26src%3Dsearch",
    "search_query":"virgin coconut oil",
    "weight_kg":null,
    "price_per_kg":null,
    "0":"umum",
    "1":"vco"
  },
  {
    "_id":{
      "$oid":"68491d167013c07662ad9011"
    },
    "timestamp_scrape":"2025-06-11T12:17:29.750708",
    "ecommerce":"Tokopedia",
    "product_name":"Beorganik GRANOLA Chocolate Banana with Extra Virgin Coconut Oil",
    "price_raw":"Rp25.000",
    "price_clean":25000.0,
    "shop_name":"Beorganik Store",
    "sold_count_raw":"500+ terjual",
    "sold_count_clean":500.0,
    "product_url":"https:\/\/www.tokopedia.com\/beorganik\/beorganik-granola-chocolate-banana-with-extra-virgin-coconut-oil?extParam=ivf%3Dtrue%26keyword%3Dvirgin+coconut+oil%26src%3Dsearch",
    "search_query":"virgin coconut oil",
    "weight_kg":null,
    "price_per_kg":null,
    "0":"mpasi",
    "1":"lain"
  },
  {
    "_id":{
      "$oid":"68491d167013c07662ad9012"
    },
    "timestamp_scrape":"2025-06-11T12:17:30.342815",
    "ecommerce":"Tokopedia",
    "product_name":"VCO \/ virgin coconut oil \/ natural",
    "price_raw":"Rp90.499",
    "price_clean":90499.0,
    "shop_name":"KIMIA MARKET OFFICIAL",
    "sold_count_raw":"30+ terjual",
    "sold_count_clean":30.0,
    "product_url":"https:\/\/www.tokopedia.com\/kimiamarket\/vco-virgin-coconut-oil-natural?extParam=ivf%3Dfalse%26keyword%3Dvirgin+coconut+oil%26src%3Dsearch",
    "search_query":"virgin coconut oil",
    "weight_kg":null,
    "price_per_kg":null,
    "0":"umum",
    "1":"vco"
  },
  {
    "_id":{
      "$oid":"68491d167013c07662ad9013"
    },
    "timestamp_scrape":"2025-06-11T12:17:30.931968",
    "ecommerce":"Tokopedia",
    "product_name":"Virgin Coconut Oil 1 liter |Premium Virgin Coconut Oil 1000 ml -Kulaku",
    "price_raw":"Rp130.000",
    "price_clean":130000.0,
    "shop_name":"Kulaku Indonesia Official",
    "sold_count_raw":"40+ terjual",
    "sold_count_clean":40.0,
    "product_url":"https:\/\/www.tokopedia.com\/kulakuindonesiaofficial\/virgin-coconut-oil-1-liter-premium-virgin-coconut-oil-1000-ml-kulaku?extParam=ivf%3Dfalse%26keyword%3Dvirgin+coconut+oil%26src%3Dsearch",
    "search_query":"virgin coconut oil",
    "weight_kg":1.0,
    "price_per_kg":130000.0,
    "0":"umum",
    "1":"lain"
  },
  {
    "_id":{
      "$oid":"68491d167013c07662ad9014"
    },
    "timestamp_scrape":"2025-06-11T12:17:31.520079",
    "ecommerce":"Tokopedia",
    "product_name":"Minyak Kelapa Murni 100% Organik Ekstra Virgin Organic Extra Virgin Coconut Oil ColdPressed VCO",
    "price_raw":"Rp59.000",
    "price_clean":59000.0,
    "shop_name":"bakulsaudi",
    "sold_count_raw":"29 terjual",
    "sold_count_clean":29.0,
    "product_url":"https:\/\/www.tokopedia.com\/bakulsaudi\/minyak-kelapa-murni-100-organik-ekstra-virgin-organic-extra-virgin-coconut-oil-coldpressed-vco-100ml-2d044?extParam=ivf%3Dfalse%26keyword%3Dvirgin+coconut+oil%26src%3Dsearch",
    "search_query":"virgin coconut oil",
    "weight_kg":null,
    "price_per_kg":null,
    "0":"hewan",
    "1":"vco"
  },
  {
    "_id":{
      "$oid":"68491d167013c07662ad9015"
    },
    "timestamp_scrape":"2025-06-11T12:17:32.113965",
    "ecommerce":"Tokopedia",
    "product_name":"Virgin Coconut Oil Skin & Coat Suplements Immune Booster Anjing Kucing",
    "price_raw":"Rp13.650",
    "price_clean":13650.0,
    "shop_name":"YP Pet Supplies",
    "sold_count_raw":"30+ terjual",
    "sold_count_clean":30.0,
    "product_url":"https:\/\/www.tokopedia.com\/yp-pet-supplies\/virgin-coconut-oil-skin-coat-suplements-immune-booster-anjing-kucing-tester-30ml-94d20?extParam=ivf%3Dfalse%26keyword%3Dvirgin+coconut+oil%26src%3Dsearch",
    "search_query":"virgin coconut oil",
    "weight_kg":null,
    "price_per_kg":null,
    "0":"umum",
    "1":"vco"
  },
  {
    "_id":{
      "$oid":"68491d167013c07662ad9016"
    },
    "timestamp_scrape":"2025-06-11T12:17:32.709662",
    "ecommerce":"Tokopedia",
    "product_name":"VCO VIRGIN COCONUT OIL 500ml - minyak kelapa murni-minyak serbaguna",
    "price_raw":"Rp80.000",
    "price_clean":80000.0,
    "shop_name":"TOKO AKHIR PEKAN",
    "sold_count_raw":"70+ terjual",
    "sold_count_clean":70.0,
    "product_url":"https:\/\/www.tokopedia.com\/tokoakhirpekan\/vco-virgin-coconut-oil-500ml-minyak-kelapa-murni-minyak-serbaguna?extParam=ivf%3Dfalse%26keyword%3Dvirgin+coconut+oil%26src%3Dsearch",
    "search_query":"virgin coconut oil",
    "weight_kg":0.5,
    "price_per_kg":160000.0,
    "0":"umum",
    "1":"lain"
  },
  {
    "_id":{
      "$oid":"68491d167013c07662ad9019"
    },
    "timestamp_scrape":"2025-06-11T12:17:59.384519",
    "ecommerce":"Tokopedia",
    "product_name":"minyak virgin coconut oil VCO obat scabies kucing anjing sugar glider",
    "price_raw":"Rp6.500",
    "price_clean":6500.0,
    "shop_name":"quinciepetshopsolo",
    "sold_count_raw":"9 terjual",
    "sold_count_clean":9.0,
    "product_url":"https:\/\/www.tokopedia.com\/quinciepetshop\/minyak-virgin-coconut-oil-vco-obat-scabies-kucing-anjing-sugar-glider-10ml-botol-a6de8?extParam=ivf%3Dfalse%26keyword%3Dvirgin+coconut+oil%26src%3Dsearch",
    "search_query":"virgin coconut oil",
    "weight_kg":null,
    "price_per_kg":null,
    "0":"umum",
    "1":"vco"
  },
  {
    "_id":{
      "$oid":"68491d167013c07662ad901a"
    },
    "timestamp_scrape":"2025-06-11T12:17:59.972913",
    "ecommerce":"Tokopedia",
    "product_name":"VCO Pure Virgin Coconut Oil Obat Nutrisi Bulu Kulit Anjing Kucing Luka",
    "price_raw":"Rp12.999",
    "price_clean":12999.0,
    "shop_name":"Apolos Shop",
    "sold_count_raw":"30+ terjual",
    "sold_count_clean":30.0,
    "product_url":"https:\/\/www.tokopedia.com\/apoloshop\/vco-pure-virgin-coconut-oil-obat-nutrisi-bulu-kulit-anjing-kucing-luka-30?extParam=ivf%3Dfalse%26keyword%3Dvirgin+coconut+oil%26src%3Dsearch",
    "search_query":"virgin coconut oil",
    "weight_kg":null,
    "price_per_kg":null,
    "0":"umum",
    "1":"vco"
  },
  {
    "_id":{
      "$oid":"68491d167013c07662ad901b"
    },
    "timestamp_scrape":"2025-06-11T12:18:00.566604",
    "ecommerce":"Tokopedia",
    "product_name":"BeOrganik Extra Virgin Coconut Oil VCO Minyak Kelapa Murni Botol 250ml, Brothermeatshop",
    "price_raw":"Rp55.000",
    "price_clean":55000.0,
    "shop_name":"Brothermeatshop",
    "sold_count_raw":"11 terjual",
    "sold_count_clean":11.0,
    "product_url":"https:\/\/www.tokopedia.com\/brothermeatshop\/beorganik-extra-virgin-coconut-oil-vco-minyak-kelapa-murni-botol-250ml-brothermeatshop?extParam=ivf%3Dfalse%26keyword%3Dvirgin+coconut+oil%26src%3Dsearch",
    "search_query":"virgin coconut oil",
    "weight_kg":0.25,
    "price_per_kg":220000.0,
    "0":"umum",
    "1":"vco"
  },
  {
    "_id":{
      "$oid":"68491d167013c07662ad901c"
    },
    "timestamp_scrape":"2025-06-11T12:18:01.154697",
    "ecommerce":"Tokopedia",
    "product_name":"Virgin Coconut Oil \/ VCO \/ Untuk Kucing Anjing \/ Flip Top Bottle",
    "price_raw":"Rp89.000",
    "price_clean":89000.0,
    "shop_name":"Pet Shop by Oleo",
    "sold_count_raw":"500+ terjual",
    "sold_count_clean":500.0,
    "product_url":"https:\/\/www.tokopedia.com\/petshopbyoleo\/virgin-coconut-oil-vco-untuk-kucing-anjing-flip-top-bottle-1729384180747503587?extParam=ivf%3Dfalse%26keyword%3Dvirgin+coconut+oil%26src%3Dsearch",
    "search_query":"virgin coconut oil",
    "weight_kg":null,
    "price_per_kg":null,
    "0":"umum",
    "1":"vco"
  },
  {
    "_id":{
      "$oid":"68491d167013c07662ad901d"
    },
    "timestamp_scrape":"2025-06-11T12:18:01.741324",
    "ecommerce":"Tokopedia",
    "product_name":"Siola VCO Virgin Coconut Oil 1 Liter - Minyak Kelapa Murni VCO AS2242",
    "price_raw":"Rp245.000",
    "price_clean":245000.0,
    "shop_name":"caisarenza",
    "sold_count_raw":"1 terjual",
    "sold_count_clean":1.0,
    "product_url":"https:\/\/www.tokopedia.com\/archive-caisarenza-1736641929\/siola-vco-virgin-coconut-oil-1-liter-minyak-kelapa-murni-vco-as2242?extParam=ivf%3Dfalse%26keyword%3Dvirgin+coconut+oil%26src%3Dsearch",
    "search_query":"virgin coconut oil",
    "weight_kg":1.0,
    "price_per_kg":245000.0,
    "0":"umum",
    "1":"vco"
  },
  {
    "_id":{
      "$oid":"68491d167013c07662ad901e"
    },
    "timestamp_scrape":"2025-06-11T12:18:02.331468",
    "ecommerce":"Tokopedia",
    "product_name":"VCO virgin coconut oil 100 ml",
    "price_raw":"Rp17.000",
    "price_clean":17000.0,
    "shop_name":"Verco Official",
    "sold_count_raw":"40+ terjual",
    "sold_count_clean":40.0,
    "product_url":"https:\/\/www.tokopedia.com\/vercoofficial\/vco-virgin-coconut-oil-100-ml?extParam=ivf%3Dfalse%26keyword%3Dvirgin+coconut+oil%26src%3Dsearch",
    "search_query":"virgin coconut oil",
    "weight_kg":0.1,
    "price_per_kg":170000.0,
    "0":"umum",
    "1":"vco"
  },
  {
    "_id":{
      "$oid":"68491d167013c07662ad901f"
    },
    "timestamp_scrape":"2025-06-11T12:18:02.921915",
    "ecommerce":"Tokopedia",
    "product_name":"Virgin Coconut Oil (VCO) 250 ml",
    "price_raw":"Rp60.000",
    "price_clean":60000.0,
    "shop_name":"Papillon Dogs Bakery",
    "sold_count_raw":"250+ terjual",
    "sold_count_clean":250.0,
    "product_url":"https:\/\/www.tokopedia.com\/papillonbakery\/virgin-coconut-oil-vco-250-ml?extParam=ivf%3Dfalse%26keyword%3Dvirgin+coconut+oil%26src%3Dsearch",
    "search_query":"virgin coconut oil",
    "weight_kg":0.25,
    "price_per_kg":240000.0,
    "0":"umum",
    "1":"vco"
  },
  {
    "_id":{
      "$oid":"68491d167013c07662ad9020"
    },
    "timestamp_scrape":"2025-06-11T12:18:03.509591",
    "ecommerce":"Tokopedia",
    "product_name":"Bunda Elia Virgin Coconut Oil Minyak Kelapa Murni MPASI Minyak Sehat Masakan Bahan",
    "price_raw":"Rp7.890",
    "price_clean":7890.0,
    "shop_name":"Nikunikustore",
    "sold_count_raw":"100+ terjual",
    "sold_count_clean":100.0,
    "product_url":"https:\/\/www.tokopedia.com\/nikunikustore-1\/bunda-elia-virgin-coconut-oil-minyak-kelapa-murni-mpasi-minyak-sehat-masakan-bahan-1730489505605518340?extParam=ivf%3Dfalse%26keyword%3Dvirgin+coconut+oil%26src%3Dsearch",
    "search_query":"virgin coconut oil",
    "weight_kg":null,
    "price_per_kg":null,
    "0":"umum",
    "1":"vco"
  },
  {
    "_id":{
      "$oid":"68491d167013c07662ad9021"
    },
    "timestamp_scrape":"2025-06-11T12:18:04.099341",
    "ecommerce":"Tokopedia",
    "product_name":"Batrisyia Virgin Coconut Oil (VCO) | Minyak Kelapa Murni",
    "price_raw":"Rp35.640",
    "price_clean":35640.0,
    "shop_name":"Batrisyiaherbal.ID",
    "sold_count_raw":"750+ terjual",
    "sold_count_clean":750.0,
    "product_url":"https:\/\/www.tokopedia.com\/batrisyiaherbalid\/batrisyia-virgin-coconut-oil-vco-minyak-kelapa-murni-1729615883002873961?extParam=ivf%3Dfalse%26keyword%3Dvirgin+coconut+oil%26src%3Dsearch",
    "search_query":"virgin coconut oil",
    "weight_kg":null,
    "price_per_kg":null,
    "0":"umum",
    "1":"vco"
  },
  {
    "_id":{
      "$oid":"68491d167013c07662ad9022"
    },
    "timestamp_scrape":"2025-06-11T12:18:04.686380",
    "ecommerce":"Tokopedia",
    "product_name":"BALI COLD PRESSED EXTRA VIRGIN COCONUT OIL 1L",
    "price_raw":"Rp315.000",
    "price_clean":315000.0,
    "shop_name":"Finest Grocery",
    "sold_count_raw":"19 terjual",
    "sold_count_clean":19.0,
    "product_url":"https:\/\/www.tokopedia.com\/finestgrocery\/bali-cold-pressed-extra-virgin-coconut-oil-1l?extParam=ivf%3Dfalse%26keyword%3Dvirgin+coconut+oil%26src%3Dsearch",
    "search_query":"virgin coconut oil",
    "weight_kg":1.0,
    "price_per_kg":315000.0,
    "0":"umum",
    "1":"vco"
  },
  {
    "_id":{
      "$oid":"68491d167013c07662ad9023"
    },
    "timestamp_scrape":"2025-06-11T12:18:05.272744",
    "ecommerce":"Tokopedia",
    "product_name":"Vitamin Kucing Pelembut Bulu Virgin Coconut Coconut Oil Minyak VCO",
    "price_raw":"Rp8.750",
    "price_clean":8750.0,
    "shop_name":"Rumah Aksesoris Bandung",
    "sold_count_raw":"29 terjual",
    "sold_count_clean":29.0,
    "product_url":"https:\/\/www.tokopedia.com\/indrafauzi\/vitamin-kucing-pelembut-bulu-virgin-coconut-coconut-oil-minyak-vco-60ml?extParam=ivf%3Dfalse%26keyword%3Dvirgin+coconut+oil%26src%3Dsearch",
    "search_query":"virgin coconut oil",
    "weight_kg":null,
    "price_per_kg":null,
    "0":"umum",
    "1":"lain"
  },
  {
    "_id":{
      "$oid":"68491d167013c07662ad9026"
    },
    "timestamp_scrape":"2025-06-11T12:18:41.856765",
    "ecommerce":"Tokopedia",
    "product_name":"Pelembab Wajah Muka Virgin Coconut Oil VCO Vico Bagoes 60 ml Original",
    "price_raw":"Rp24.500",
    "price_clean":24500.0,
    "shop_name":"Btonz Store",
    "sold_count_raw":"40+ terjual",
    "sold_count_clean":40.0,
    "product_url":"https:\/\/www.tokopedia.com\/btonz\/pelembab-wajah-muka-virgin-coconut-oil-vco-vico-bagoes-60-ml-original?extParam=ivf%3Dfalse%26keyword%3Dvirgin+coconut+oil%26src%3Dsearch",
    "search_query":"virgin coconut oil",
    "weight_kg":0.06,
    "price_per_kg":408333.3333333334,
    "0":"umum",
    "1":"vco"
  },
  {
    "_id":{
      "$oid":"68491d167013c07662ad9027"
    },
    "timestamp_scrape":"2025-06-11T12:18:42.445419",
    "ecommerce":"Tokopedia",
    "product_name":"DIVV Nature Extra Virgin Coconut Oil 250 Mili",
    "price_raw":"Rp61.000",
    "price_clean":61000.0,
    "shop_name":"lightstore1307",
    "sold_count_raw":"6 terjual",
    "sold_count_clean":6.0,
    "product_url":"https:\/\/www.tokopedia.com\/lightstore1307\/divv-nature-extra-virgin-coconut-oil-250-mili?extParam=ivf%3Dfalse%26keyword%3Dvirgin+coconut+oil%26src%3Dsearch",
    "search_query":"virgin coconut oil",
    "weight_kg":null,
    "price_per_kg":null,
    "0":"hewan",
    "1":"lain"
  },
  {
    "_id":{
      "$oid":"68491d167013c07662ad9028"
    },
    "timestamp_scrape":"2025-06-11T12:18:43.031271",
    "ecommerce":"Tokopedia",
    "product_name":"30Ml Minyak VCO Virgin Coconut Oil Kucing Anjing Hewan Peliharaan",
    "price_raw":"Rp12.500",
    "price_clean":12500.0,
    "shop_name":"Memang Pet Shop",
    "sold_count_raw":"750+ terjual",
    "sold_count_clean":750.0,
    "product_url":"https:\/\/www.tokopedia.com\/memangpetshop\/30ml-minyak-vco-virgin-coconut-oil-kucing-anjing-hewan-peliharaan?extParam=ivf%3Dfalse%26keyword%3Dvirgin+coconut+oil%26src%3Dsearch",
    "search_query":"virgin coconut oil",
    "weight_kg":0.03,
    "price_per_kg":416666.6666666667,
    "0":"umum",
    "1":"lain"
  },
  {
    "_id":{
      "$oid":"68491d167013c07662ad9029"
    },
    "timestamp_scrape":"2025-06-11T12:18:43.621432",
    "ecommerce":"Tokopedia",
    "product_name":"Paket Hemat Masker Oma \/ Virgin Coconut Oil 500ml Moringa Powder",
    "price_raw":"Rp90.000",
    "price_clean":90000.0,
    "shop_name":"essenli",
    "sold_count_raw":"500+ terjual",
    "sold_count_clean":500.0,
    "product_url":"https:\/\/www.tokopedia.com\/essenli\/paket-hemat-masker-oma-virgin-coconut-oil-500ml-moringa-powder-1730730377963931050?extParam=ivf%3Dfalse%26keyword%3Dvirgin+coconut+oil%26src%3Dsearch",
    "search_query":"virgin coconut oil",
    "weight_kg":0.5,
    "price_per_kg":180000.0,
    "0":"hewan",
    "1":"vco"
  },
  {
    "_id":{
      "$oid":"68491d167013c07662ad902a"
    },
    "timestamp_scrape":"2025-06-11T12:18:44.210303",
    "ecommerce":"Tokopedia",
    "product_name":"HEALTHY CHOICE virgin coconut oil VCO",
    "price_raw":"Rp98.000",
    "price_clean":98000.0,
    "shop_name":"Essentialstuffs",
    "sold_count_raw":"28 terjual",
    "sold_count_clean":28.0,
    "product_url":"https:\/\/www.tokopedia.com\/essentialstuffs\/healthy-choice-virgin-coconut-oil-vco-340-ml?extParam=ivf%3Dfalse%26keyword%3Dvirgin+coconut+oil%26src%3Dsearch",
    "search_query":"virgin coconut oil",
    "weight_kg":null,
    "price_per_kg":null,
    "0":"umum",
    "1":"vco"
  },
  {
    "_id":{
      "$oid":"68491d167013c07662ad902b"
    },
    "timestamp_scrape":"2025-06-11T12:18:44.796589",
    "ecommerce":"Tokopedia",
    "product_name":"VCO Virgin Coconut Oil Minyak Kelapa (250ml)",
    "price_raw":"Rp19.900",
    "price_clean":19900.0,
    "shop_name":"Likezahab Official Store",
    "sold_count_raw":"9 terjual",
    "sold_count_clean":9.0,
    "product_url":"https:\/\/www.tokopedia.com\/likezahabofficial\/vco-virgin-coconut-oil-minyak-kelapa-250ml-60ml?extParam=ivf%3Dfalse%26keyword%3Dvirgin+coconut+oil%26src%3Dsearch",
    "search_query":"virgin coconut oil",
    "weight_kg":0.25,
    "price_per_kg":79600.0,
    "0":"umum",
    "1":"vco"
  },
  {
    "_id":{
      "$oid":"68491d167013c07662ad902c"
    },
    "timestamp_scrape":"2025-06-11T12:18:45.405990",
    "ecommerce":"Tokopedia",
    "product_name":"Siola Virgin Coconut Oil - Siola VCO 1000ml",
    "price_raw":"Rp120.000",
    "price_clean":120000.0,
    "shop_name":"Siola VCO Salatiga",
    "sold_count_raw":"250+ terjual",
    "sold_count_clean":250.0,
    "product_url":"https:\/\/www.tokopedia.com\/siolavcod\/siola-virgin-coconut-oil-siola-vco-1000ml?extParam=ivf%3Dfalse%26keyword%3Dvirgin+coconut+oil%26src%3Dsearch",
    "search_query":"virgin coconut oil",
    "weight_kg":1.0,
    "price_per_kg":120000.0,
    "0":"umum",
    "1":"lain"
  },
  {
    "_id":{
      "$oid":"68491d167013c07662ad902d"
    },
    "timestamp_scrape":"2025-06-11T12:18:45.994965",
    "ecommerce":"Tokopedia",
    "product_name":"VCO Virgin Coconut Oil 240 ML Palem Mustika | Minyak Kelapa Murni | Booster Imun",
    "price_raw":"Rp69.300",
    "price_clean":69300.0,
    "shop_name":"Palem Mustika",
    "sold_count_raw":"1rb+ terjual",
    "sold_count_clean":1000.0,
    "product_url":"https:\/\/www.tokopedia.com\/palemmustika01\/vco-virgin-coconut-oil-palem-mustika-240-ml-minyak-kelapa-murni?extParam=ivf%3Dfalse%26keyword%3Dvirgin+coconut+oil%26src%3Dsearch",
    "search_query":"virgin coconut oil",
    "weight_kg":0.24,
    "price_per_kg":288750.0,
    "0":"hewan",
    "1":"vco"
  },
  {
    "_id":{
      "$oid":"68491d167013c07662ad902e"
    },
    "timestamp_scrape":"2025-06-11T12:18:46.581845",
    "ecommerce":"Tokopedia",
    "product_name":"VCO Spray 60ml | Virgin Coconut Oil | Minyak Kelapa Murni | 100% Alami",
    "price_raw":"Rp17.500",
    "price_clean":17500.0,
    "shop_name":"Qoni_store2437",
    "sold_count_raw":"4 terjual",
    "sold_count_clean":4.0,
    "product_url":"https:\/\/www.tokopedia.com\/qonistore2437\/vco-spray-60ml-virgin-coconut-oil-minyak-kelapa-murni-100-alami?extParam=ivf%3Dfalse%26keyword%3Dvirgin+coconut+oil%26src%3Dsearch",
    "search_query":"virgin coconut oil",
    "weight_kg":0.06,
    "price_per_kg":291666.6666666667,
    "0":"umum",
    "1":"vco"
  },
  {
    "_id":{
      "$oid":"68491d167013c07662ad902f"
    },
    "timestamp_scrape":"2025-06-11T12:18:47.172910",
    "ecommerce":"Tokopedia",
    "product_name":"VCO 125ml DARUSYIFA Virgin Coconut Oil ORIGINAL",
    "price_raw":"Rp25.000",
    "price_clean":25000.0,
    "shop_name":"Dzaki Herbal_ID",
    "sold_count_raw":"27 terjual",
    "sold_count_clean":27.0,
    "product_url":"https:\/\/www.tokopedia.com\/dzakiherbalbdg\/vco-125ml-darusyifa-virgin-coconut-oil-original?extParam=ivf%3Dfalse%26keyword%3Dvirgin+coconut+oil%26src%3Dsearch",
    "search_query":"virgin coconut oil",
    "weight_kg":0.125,
    "price_per_kg":200000.0,
    "0":"umum",
    "1":"vco"
  },
  {
    "_id":{
      "$oid":"68491d167013c07662ad9030"
    },
    "timestamp_scrape":"2025-06-11T12:18:47.760912",
    "ecommerce":"Tokopedia",
    "product_name":"VCO Virgin Coconut Oil | Minyak Kelapa Murni Harmoni Original 1 liter",
    "price_raw":"Rp97.500",
    "price_clean":97500.0,
    "shop_name":"avachamp",
    "sold_count_raw":"4 terjual",
    "sold_count_clean":4.0,
    "product_url":"https:\/\/www.tokopedia.com\/avachamp\/vco-virgin-coconut-oil-minyak-kelapa-murni-harmoni-original-1-liter?extParam=ivf%3Dfalse%26keyword%3Dvirgin+coconut+oil%26src%3Dsearch",
    "search_query":"virgin coconut oil",
    "weight_kg":1.0,
    "price_per_kg":97500.0,
    "0":"hewan",
    "1":"vco"
  },
  {
    "_id":{
      "$oid":"68491d167013c07662ad9033"
    },
    "timestamp_scrape":"2025-06-11T12:19:12.806441",
    "ecommerce":"Tokopedia",
    "product_name":"Minyak VCO Almahera 150 ml | Virgin Coconut Oil | Minyak Kelapa Murni",
    "price_raw":"Rp32.000",
    "price_clean":32000.0,
    "shop_name":"TABUR HERBAL",
    "sold_count_raw":"6 terjual",
    "sold_count_clean":6.0,
    "product_url":"https:\/\/www.tokopedia.com\/tabur-herbal\/minyak-vco-almahera-150-ml-virgin-coconut-oil-minyak-kelapa-murni?extParam=ivf%3Dfalse%26keyword%3Dvirgin+coconut+oil%26src%3Dsearch",
    "search_query":"virgin coconut oil",
    "weight_kg":0.15,
    "price_per_kg":213333.3333333333,
    "0":"umum",
    "1":"lain"
  },
  {
    "_id":{
      "$oid":"68491d167013c07662ad9034"
    },
    "timestamp_scrape":"2025-06-11T12:19:13.396156",
    "ecommerce":"Tokopedia",
    "product_name":"Extra Virgin Coconut Oil VCO Abbas 125ml - Minyak Kelapa Murni 100%",
    "price_raw":"Rp16.200",
    "price_clean":16200.0,
    "shop_name":"RAMAH HERBAL",
    "sold_count_raw":"1 terjual",
    "sold_count_clean":1.0,
    "product_url":"https:\/\/www.tokopedia.com\/ramahh-1\/extra-virgin-coconut-oil-vco-abbas-125ml-minyak-kelapa-murni-100?extParam=ivf%3Dfalse%26keyword%3Dvirgin+coconut+oil%26src%3Dsearch",
    "search_query":"virgin coconut oil",
    "weight_kg":0.125,
    "price_per_kg":129600.0,
    "0":"hewan",
    "1":"vco"
  },
  {
    "_id":{
      "$oid":"68491d167013c07662ad9035"
    },
    "timestamp_scrape":"2025-06-11T12:19:13.984901",
    "ecommerce":"Tokopedia",
    "product_name":"Virgin Coconut Oil VCO AMDHA 125 ml Terbaik",
    "price_raw":"Rp19.305",
    "price_clean":19305.0,
    "shop_name":"AFF GALLERY",
    "sold_count_raw":"750+ terjual",
    "sold_count_clean":750.0,
    "product_url":"https:\/\/www.tokopedia.com\/pusatpropolis\/virgin-coconut-oil-vco-amdha-125-ml-terbaik?extParam=ivf%3Dfalse%26keyword%3Dvirgin+coconut+oil%26src%3Dsearch",
    "search_query":"virgin coconut oil",
    "weight_kg":0.125,
    "price_per_kg":154440.0,
    "0":"umum",
    "1":"vco"
  },
  {
    "_id":{
      "$oid":"68491d167013c07662ad9036"
    },
    "timestamp_scrape":"2025-06-11T12:19:14.573804",
    "ecommerce":"Tokopedia",
    "product_name":"Virgin Coconut Oil \/ Minyak Kelapa for dogs 100ml - Anti Jamur\/Fungal",
    "price_raw":"Rp50.000",
    "price_clean":50000.0,
    "shop_name":"Bakoel Jerky",
    "sold_count_raw":"8 terjual",
    "sold_count_clean":8.0,
    "product_url":"https:\/\/www.tokopedia.com\/bakoeljerky\/virgin-coconut-oil-minyak-kelapa-for-dogs-100ml-anti-jamur-fungal-botol-tube?extParam=ivf%3Dfalse%26keyword%3Dvirgin+coconut+oil%26src%3Dsearch",
    "search_query":"virgin coconut oil",
    "weight_kg":0.1,
    "price_per_kg":500000.0,
    "0":"umum",
    "1":"vco"
  },
  {
    "_id":{
      "$oid":"68491d167013c07662ad9037"
    },
    "timestamp_scrape":"2025-06-11T12:19:15.162013",
    "ecommerce":"Tokopedia",
    "product_name":"CONCOS VCO \/ VIRGIN COCONUT OIL BABY & KIDS",
    "price_raw":"Rp39.000",
    "price_clean":39000.0,
    "shop_name":"FANY BABY KUNINGAN",
    "sold_count_raw":"24 terjual",
    "sold_count_clean":24.0,
    "product_url":"https:\/\/www.tokopedia.com\/fany-baby-kuningan\/concos-vco-virgin-coconut-oil-baby-kids-100-ml?extParam=ivf%3Dfalse%26keyword%3Dvirgin+coconut+oil%26src%3Dsearch",
    "search_query":"virgin coconut oil",
    "weight_kg":null,
    "price_per_kg":null,
    "0":"umum",
    "1":"lain"
  },
  {
    "_id":{
      "$oid":"68491d167013c07662ad9038"
    },
    "timestamp_scrape":"2025-06-11T12:19:15.749943",
    "ecommerce":"Tokopedia",
    "product_name":"Lollillo Barkery - Virgin Coconut Oil \/ VCO",
    "price_raw":"Rp30.000",
    "price_clean":30000.0,
    "shop_name":"Lollillo Barkery",
    "sold_count_raw":"250+ terjual",
    "sold_count_clean":250.0,
    "product_url":"https:\/\/www.tokopedia.com\/lollillobarkery\/lollillo-barkery-virgin-coconut-oil-vco?extParam=ivf%3Dfalse%26keyword%3Dvirgin+coconut+oil%26src%3Dsearch",
    "search_query":"virgin coconut oil",
    "weight_kg":null,
    "price_per_kg":null,
    "0":"hewan",
    "1":"vco"
  },
  {
    "_id":{
      "$oid":"68491d167013c07662ad9039"
    },
    "timestamp_scrape":"2025-06-11T12:19:16.337490",
    "ecommerce":"Tokopedia",
    "product_name":"Virgin Coconut Oil 100 ml ViCO - Minyak Kelapa 100% Murni \/ VCO",
    "price_raw":"Rp30.000",
    "price_clean":30000.0,
    "shop_name":"Suka Herbal Alamii",
    "sold_count_raw":"30+ terjual",
    "sold_count_clean":30.0,
    "product_url":"https:\/\/www.tokopedia.com\/sha01\/virgin-coconut-oil-100-ml-vico-minyak-kelapa-100-murni-vco?extParam=ivf%3Dfalse%26keyword%3Dvirgin+coconut+oil%26src%3Dsearch",
    "search_query":"virgin coconut oil",
    "weight_kg":0.1,
    "price_per_kg":300000.0,
    "0":"umum",
    "1":"vco"
  },
  {
    "_id":{
      "$oid":"68491d167013c07662ad903a"
    },
    "timestamp_scrape":"2025-06-11T12:19:16.924577",
    "ecommerce":"Tokopedia",
    "product_name":"ALFAMEGA COCONOX Premium Coconut Virgin Oil Vitamin Kucing Anjing Kelinci Minyak Kelapa Murni Anti Jamur Scabies Kutu Bulu Halus",
    "price_raw":"Rp13.900",
    "price_clean":13900.0,
    "shop_name":"ALFAMEGA WAREHOUSE",
    "sold_count_raw":"10 terjual",
    "sold_count_clean":10.0,
    "product_url":"https:\/\/www.tokopedia.com\/alfamegapetshop\/alfamega-coconox-premium-coconut-virgin-oil-vitamin-kucing-anjing-kelinci-minyak-kelapa-murni-anti-jamur-scabies-kutu-bulu-halus-1730680763683538605?extParam=ivf%3Dfalse%26keyword%3Dvirgin+coconut+oil%26src%3Dsearch",
    "search_query":"virgin coconut oil",
    "weight_kg":null,
    "price_per_kg":null,
    "0":"umum",
    "1":"vco"
  },
  {
    "_id":{
      "$oid":"68491d167013c07662ad903b"
    },
    "timestamp_scrape":"2025-06-11T12:19:17.512936",
    "ecommerce":"Tokopedia",
    "product_name":"Klaper Virgin Coconut Oil Original 120ml",
    "price_raw":"Rp51.000",
    "price_clean":51000.0,
    "shop_name":"Pangestu Medika",
    "sold_count_raw":"11 terjual",
    "sold_count_clean":11.0,
    "product_url":"https:\/\/www.tokopedia.com\/pangestu-medika\/klaper-virgin-coconut-oil-original-120ml?extParam=ivf%3Dfalse%26keyword%3Dvirgin+coconut+oil%26src%3Dsearch",
    "search_query":"virgin coconut oil",
    "weight_kg":0.12,
    "price_per_kg":425000.0,
    "0":"hewan",
    "1":"vco"
  },
  {
    "_id":{
      "$oid":"68491d167013c07662ad903c"
    },
    "timestamp_scrape":"2025-06-11T12:19:18.099032",
    "ecommerce":"Tokopedia",
    "product_name":"Extra Virgin COCONUT OIL 30ml - Obat Jamur Kucing Minyak Kelapa VCO",
    "price_raw":"Rp11.000",
    "price_clean":11000.0,
    "shop_name":"Ciro PetShop",
    "sold_count_raw":"100+ terjual",
    "sold_count_clean":100.0,
    "product_url":"https:\/\/www.tokopedia.com\/ciropetshop\/extra-virgin-coconut-oil-30ml-obat-jamur-kucing-minyak-kelapa-vco?extParam=ivf%3Dfalse%26keyword%3Dvirgin+coconut+oil%26src%3Dsearch",
    "search_query":"virgin coconut oil",
    "weight_kg":0.03,
    "price_per_kg":366666.6666666667,
    "0":"umum",
    "1":"vco"
  },
  {
    "_id":{
      "$oid":"68491d167013c07662ad903d"
    },
    "timestamp_scrape":"2025-06-11T12:19:18.686527",
    "ecommerce":"Tokopedia",
    "product_name":"Virgin Coconut Oil Safiya 500 ml VCO Minyak Kelapa Asli",
    "price_raw":"Rp66.700",
    "price_clean":66700.0,
    "shop_name":"Kurma Alif_NEW",
    "sold_count_raw":"1rb+ terjual",
    "sold_count_clean":1000.0,
    "product_url":"https:\/\/www.tokopedia.com\/kurma-alif\/virgin-coconut-oil-safiya-500-ml-vco-minyak-kelapa-asli-1729435949438372313?extParam=ivf%3Dfalse%26keyword%3Dvirgin+coconut+oil%26src%3Dsearch",
    "search_query":"virgin coconut oil",
    "weight_kg":0.5,
    "price_per_kg":133400.0,
    "0":"umum",
    "1":"vco"
  },
  {
    "_id":{
      "$oid":"68491d167013c07662ad9040"
    },
    "timestamp_scrape":"2025-06-11T12:19:44.012063",
    "ecommerce":"Tokopedia",
    "product_name":"vco 99 125 ml minyak vco 100 % virgin coconut oil minyak vco murni",
    "price_raw":"Rp16.500",
    "price_clean":16500.0,
    "shop_name":"herbal kebagusan15",
    "sold_count_raw":"5 terjual",
    "sold_count_clean":5.0,
    "product_url":"https:\/\/www.tokopedia.com\/herbal-kebagusan15\/vco-99-125-ml-minyak-vco-100-virgin-coconut-oil-minyak-vco-murni?extParam=ivf%3Dfalse%26keyword%3Dvirgin+coconut+oil%26src%3Dsearch",
    "search_query":"virgin coconut oil",
    "weight_kg":0.125,
    "price_per_kg":132000.0,
    "0":"umum",
    "1":"lain"
  },
  {
    "_id":{
      "$oid":"68491d167013c07662ad9041"
    },
    "timestamp_scrape":"2025-06-11T12:19:44.602940",
    "ecommerce":"Tokopedia",
    "product_name":"Dari Bumi Paket Bundling Kaldu Jamur Bubuk 80 Gram dan Virgin Coconut Oil 100 Ml Spray",
    "price_raw":"Rp48.000",
    "price_clean":48000.0,
    "shop_name":"daribumiofc",
    "sold_count_raw":"4 terjual",
    "sold_count_clean":4.0,
    "product_url":"https:\/\/www.tokopedia.com\/daribumiofc\/dari-bumi-paket-penambah-nafsu-makan-anak-kaldu-jamur-bubuk-80-gram-virgin-coconut-oil-100-ml-nutrisi-sehat-alami-1730848997525260071?extParam=ivf%3Dfalse%26keyword%3Dvirgin+coconut+oil%26src%3Dsearch",
    "search_query":"virgin coconut oil",
    "weight_kg":0.08,
    "price_per_kg":600000.0,
    "0":"umum",
    "1":"vco"
  },
  {
    "_id":{
      "$oid":"68491d167013c07662ad9042"
    },
    "timestamp_scrape":"2025-06-11T12:19:45.191108",
    "ecommerce":"Tokopedia",
    "product_name":"Remov Virgin Coconut Oil REMOV VCO 20ml VCO REMOV 20ml Mengatasi Sembelit Kesehatan Daya Tahan Tubuh Kulit Bulu Kucing Anjing 20ml VCO Kucing Minyak Kelapa",
    "price_raw":"Rp27.650",
    "price_clean":27650.0,
    "shop_name":"DING DONG LUCKY LIN",
    "sold_count_raw":"1 terjual",
    "sold_count_clean":1.0,
    "product_url":"https:\/\/www.tokopedia.com\/ding-dong-lucky-lin\/remov-virgin-coconut-oil-remov-vco-20ml-vco-remov-20ml-mengatasi-sembelit-kesehatan-daya-tahan-tubuh-kulit-bulu-kucing-anjing-20ml-vco-kucing-minyak-kelapa-remov-vco-20ml-a1066?extParam=ivf%3Dfalse%26keyword%3Dvirgin+coconut+oil%26src%3Dsearch",
    "search_query":"virgin coconut oil",
    "weight_kg":0.02,
    "price_per_kg":1382500.0,
    "0":"umum",
    "1":"lain"
  },
  {
    "_id":{
      "$oid":"68491d167013c07662ad9043"
    },
    "timestamp_scrape":"2025-06-11T12:19:45.779986",
    "ecommerce":"Tokopedia",
    "product_name":"VCO Extra virgin coconut oil spray 100ml Minyak kelapa asli",
    "price_raw":"Rp21.500",
    "price_clean":21500.0,
    "shop_name":"niraniraa",
    "sold_count_raw":"250+ terjual",
    "sold_count_clean":250.0,
    "product_url":"https:\/\/www.tokopedia.com\/niranira\/vco-extra-virgin-coconut-oil-spray-100ml-minyak-kelapa-asli?extParam=ivf%3Dfalse%26keyword%3Dvirgin+coconut+oil%26src%3Dsearch",
    "search_query":"virgin coconut oil",
    "weight_kg":0.1,
    "price_per_kg":215000.0,
    "0":"hewan",
    "1":"vco"
  },
  {
    "_id":{
      "$oid":"68491d167013c07662ad9044"
    },
    "timestamp_scrape":"2025-06-11T12:19:46.371658",
    "ecommerce":"Tokopedia",
    "product_name":"Virgin Coconut Oil VCO Saheela 1000ml",
    "price_raw":"Rp145.000",
    "price_clean":145000.0,
    "shop_name":"Ummat Store",
    "sold_count_raw":"6 terjual",
    "sold_count_clean":6.0,
    "product_url":"https:\/\/www.tokopedia.com\/ummatstore\/virgin-coconut-oil-vco-saheela-1000ml?extParam=ivf%3Dfalse%26keyword%3Dvirgin+coconut+oil%26src%3Dsearch",
    "search_query":"virgin coconut oil",
    "weight_kg":1.0,
    "price_per_kg":145000.0,
    "0":"umum",
    "1":"lain"
  },
  {
    "_id":{
      "$oid":"68491d167013c07662ad9045"
    },
    "timestamp_scrape":"2025-06-11T12:19:46.962070",
    "ecommerce":"Tokopedia",
    "product_name":"POPOCO PURE VIRGIN COCONUT OIL - POPOCO VCO KUCING ANJING - VCO KUCING ANJING 30ML",
    "price_raw":"Rp11.000",
    "price_clean":11000.0,
    "shop_name":"Centralidnpetshop",
    "sold_count_raw":"2 terjual",
    "sold_count_clean":2.0,
    "product_url":"https:\/\/www.tokopedia.com\/centralidnpetshop\/popoco-pure-virgin-coconut-oil-popoco-vco-kucing-anjing-vco-kucing-anjing-30ml?extParam=ivf%3Dfalse%26keyword%3Dvirgin+coconut+oil%26src%3Dsearch",
    "search_query":"virgin coconut oil",
    "weight_kg":0.03,
    "price_per_kg":366666.6666666667,
    "0":"hewan",
    "1":"vco"
  },
  {
    "_id":{
      "$oid":"68491d167013c07662ad9046"
    },
    "timestamp_scrape":"2025-06-11T12:19:47.553627",
    "ecommerce":"Tokopedia",
    "product_name":"Virgin coconut oil (VCO) Cococat khusus kucing melebatkan dan menumbuhkan bulu isi 200 ml",
    "price_raw":"Rp25.000",
    "price_clean":25000.0,
    "shop_name":"Golden.Thumun.Petshop.",
    "sold_count_raw":"5 terjual",
    "sold_count_clean":5.0,
    "product_url":"https:\/\/www.tokopedia.com\/goldenthumunpetshop\/virgin-coconut-oil-vco-cococat-khusus-kucing-melebatkan-dan-menumbuhkan-bulu-isi-200-ml?extParam=ivf%3Dfalse%26keyword%3Dvirgin+coconut+oil%26src%3Dsearch",
    "search_query":"virgin coconut oil",
    "weight_kg":0.2,
    "price_per_kg":125000.0,
    "0":"umum",
    "1":"vco"
  },
  {
    "_id":{
      "$oid":"68491d167013c07662ad9047"
    },
    "timestamp_scrape":"2025-06-11T12:19:48.141269",
    "ecommerce":"Tokopedia",
    "product_name":"Paket Extra Virgin Coconut Oil VCO Abbas 500ml+ Madu Hutan Abbas 250gr",
    "price_raw":"Rp80.500",
    "price_clean":80500.0,
    "shop_name":"nobitajamu",
    "sold_count_raw":"4 terjual",
    "sold_count_clean":4.0,
    "product_url":"https:\/\/www.tokopedia.com\/nobitajamu\/paket-extra-virgin-coconut-oil-vco-abbas-500ml-madu-hutan-abbas-250gr?extParam=ivf%3Dfalse%26keyword%3Dvirgin+coconut+oil%26src%3Dsearch",
    "search_query":"virgin coconut oil",
    "weight_kg":0.5,
    "price_per_kg":161000.0,
    "0":"umum",
    "1":"lain"
  },
  {
    "_id":{
      "$oid":"68491d167013c07662ad9048"
    },
    "timestamp_scrape":"2025-06-11T12:19:48.742312",
    "ecommerce":"Tokopedia",
    "product_name":"60ML VICO Herba Bagoes Extra Virgin Coconut Oil Minyak Kelapa",
    "price_raw":"Rp35.000",
    "price_clean":35000.0,
    "shop_name":"NUMI Center",
    "sold_count_raw":"60+ terjual",
    "sold_count_clean":60.0,
    "product_url":"https:\/\/www.tokopedia.com\/numicenter\/60ml-vico-herba-bagoes-extra-virgin-coconut-oil-minyak-kelapa?extParam=ivf%3Dfalse%26keyword%3Dvirgin+coconut+oil%26src%3Dsearch%26whid%3D366982",
    "search_query":"virgin coconut oil",
    "weight_kg":0.06,
    "price_per_kg":583333.3333333334,
    "0":"umum",
    "1":"vco"
  },
  {
    "_id":{
      "$oid":"68491d167013c07662ad9049"
    },
    "timestamp_scrape":"2025-06-11T12:19:49.331917",
    "ecommerce":"Tokopedia",
    "product_name":"SUNNYPAWS Virgin Coconut Oil VCO Hewan Anjing Kucing Obat Sakit Kulit Jamur Scabies Luka",
    "price_raw":"Rp29.700",
    "price_clean":29700.0,
    "shop_name":"SunnyPaws Store",
    "sold_count_raw":"5 terjual",
    "sold_count_clean":5.0,
    "product_url":"https:\/\/www.tokopedia.com\/sunnypaws-store\/sunnypaws-virgin-coconut-oil-vco-hewan-anjing-kucing-obat-sakit-kulit-jamur-scabies-luka-1729986240964364992?extParam=ivf%3Dfalse%26keyword%3Dvirgin+coconut+oil%26src%3Dsearch",
    "search_query":"virgin coconut oil",
    "weight_kg":null,
    "price_per_kg":null,
    "0":"umum",
    "1":"vco"
  },
  {
    "_id":{
      "$oid":"68491d167013c07662ad904a"
    },
    "timestamp_scrape":"2025-06-11T12:19:49.928577",
    "ecommerce":"Tokopedia",
    "product_name":"KAPSUL VIRGIN COCONUT OIL VCO DARUSYIFA ISI 60 KAPSUL HERBAL ALAMI",
    "price_raw":"Rp30.000",
    "price_clean":30000.0,
    "shop_name":"VITA 28 HERBAL",
    "sold_count_raw":"1 terjual",
    "sold_count_clean":1.0,
    "product_url":"https:\/\/www.tokopedia.com\/vita28herbal\/kapsul-virgin-coconut-oil-vco-darusyifa-isi-60-kapsul-herbal-alami?extParam=ivf%3Dfalse%26keyword%3Dvirgin+coconut+oil%26src%3Dsearch",
    "search_query":"virgin coconut oil",
    "weight_kg":null,
    "price_per_kg":null,
    "0":"umum",
    "1":"vco"
  },
  {
    "_id":{
      "$oid":"68491d167013c07662ad904d"
    },
    "timestamp_scrape":"2025-06-11T12:20:16.303299",
    "ecommerce":"Tokopedia",
    "product_name":"VCO 100ml Virgin Coconut Oil | Minyak Kelapa Murni Harmoni Original",
    "price_raw":"Rp16.000",
    "price_clean":16000.0,
    "shop_name":"RumahHerbalAmanah",
    "sold_count_raw":"40+ terjual",
    "sold_count_clean":40.0,
    "product_url":"https:\/\/www.tokopedia.com\/rumahherbalamanah\/vco-100ml-virgin-coconut-oil-minyak-kelapa-murni-harmoni-original?extParam=ivf%3Dfalse%26keyword%3Dvirgin+coconut+oil%26src%3Dsearch",
    "search_query":"virgin coconut oil",
    "weight_kg":0.1,
    "price_per_kg":160000.0,
    "0":"hewan",
    "1":"vco"
  },
  {
    "_id":{
      "$oid":"68491d167013c07662ad904e"
    },
    "timestamp_scrape":"2025-06-11T12:20:16.890687",
    "ecommerce":"Tokopedia",
    "product_name":"Virgin Coconut Oil - Coconose",
    "price_raw":"Rp155.000",
    "price_clean":155000.0,
    "shop_name":"Cononose-Vco",
    "sold_count_raw":"60+ terjual",
    "sold_count_clean":60.0,
    "product_url":"https:\/\/www.tokopedia.com\/coconose-net\/virgin-coconut-oil-coconose?extParam=ivf%3Dfalse%26keyword%3Dvirgin+coconut+oil%26src%3Dsearch",
    "search_query":"virgin coconut oil",
    "weight_kg":null,
    "price_per_kg":null,
    "0":"umum",
    "1":"lain"
  },
  {
    "_id":{
      "$oid":"68491d167013c07662ad904f"
    },
    "timestamp_scrape":"2025-06-11T12:20:17.481195",
    "ecommerce":"Tokopedia",
    "product_name":"SC Catapaw Super VCO 30ml Virgin Coconut Oil Kucing Vitamin Hewan Anti Rontok Jamur Bulu Halus",
    "price_raw":"Rp25.000",
    "price_clean":25000.0,
    "shop_name":"STARCAT",
    "sold_count_raw":"50+ terjual",
    "sold_count_clean":50.0,
    "product_url":"https:\/\/www.tokopedia.com\/starcatofficialstore\/sc-catapaw-super-vco-30ml-virgin-coconut-oil-kucing-vitamin-hewan-anti-rontok-jamur-bulu-halus-cpaw-super-vco-30ml-9fed8?extParam=ivf%3Dfalse%26keyword%3Dvirgin+coconut+oil%26src%3Dsearch",
    "search_query":"virgin coconut oil",
    "weight_kg":0.03,
    "price_per_kg":833333.3333333334,
    "0":"umum",
    "1":"vco"
  },
  {
    "_id":{
      "$oid":"68491d167013c07662ad9050"
    },
    "timestamp_scrape":"2025-06-11T12:20:18.064380",
    "ecommerce":"Tokopedia",
    "product_name":"VCO DARUSYIFA MINYAK VIRGIN COCONUT OIL 125 ML",
    "price_raw":"Rp20.000",
    "price_clean":20000.0,
    "shop_name":"Toko Herbal Khaira",
    "sold_count_raw":"30+ terjual",
    "sold_count_clean":30.0,
    "product_url":"https:\/\/www.tokopedia.com\/tokoherbalkhaira\/vco-darusyifa-minyak-virgin-coconut-oil-125-ml?extParam=ivf%3Dfalse%26keyword%3Dvirgin+coconut+oil%26src%3Dsearch",
    "search_query":"virgin coconut oil",
    "weight_kg":0.125,
    "price_per_kg":160000.0,
    "0":"umum",
    "1":"lain"
  },
  {
    "_id":{
      "$oid":"68491d167013c07662ad9051"
    },
    "timestamp_scrape":"2025-06-11T12:20:18.654965",
    "ecommerce":"Tokopedia",
    "product_name":"FD2270 1 Liter VCO COCO MILAGRO VIRGIN COCONUT OIL MNS3633",
    "price_raw":"Rp294.000",
    "price_clean":294000.0,
    "shop_name":"birawabasudewasetiawan",
    "sold_count_raw":"1 terjual",
    "sold_count_clean":1.0,
    "product_url":"https:\/\/www.tokopedia.com\/birawabasudewasetia\/fd2270-1-liter-vco-coco-milagro-virgin-coconut-oil-mns3633?extParam=ivf%3Dfalse%26keyword%3Dvirgin+coconut+oil%26src%3Dsearch",
    "search_query":"virgin coconut oil",
    "weight_kg":1.0,
    "price_per_kg":294000.0,
    "0":"umum",
    "1":"vco"
  },
  {
    "_id":{
      "$oid":"68491d167013c07662ad9052"
    },
    "timestamp_scrape":"2025-06-11T12:20:19.241049",
    "ecommerce":"Tokopedia",
    "product_name":"minyak virgin coconut oil VCO obat scabies kucing anjing sugar glider",
    "price_raw":"Rp6.500",
    "price_clean":6500.0,
    "shop_name":"Quincie Petshop",
    "sold_count_raw":"40+ terjual",
    "sold_count_clean":40.0,
    "product_url":"https:\/\/www.tokopedia.com\/quincie-petshop\/minyak-virgin-coconut-oil-vco-obat-scabies-kucing-anjing-sugar-glider-1729630245675698136?extParam=ivf%3Dfalse%26keyword%3Dvirgin+coconut+oil%26src%3Dsearch",
    "search_query":"virgin coconut oil",
    "weight_kg":null,
    "price_per_kg":null,
    "0":"umum",
    "1":"vco"
  },
  {
    "_id":{
      "$oid":"68491d167013c07662ad9053"
    },
    "timestamp_scrape":"2025-06-11T12:20:19.833497",
    "ecommerce":"Tokopedia",
    "product_name":"VCO,Minyak Kelapa Murni,Virgin Coconut Oil",
    "price_raw":"Rp9.750",
    "price_clean":9750.0,
    "shop_name":"herbalasli_NEW",
    "sold_count_raw":"3rb+ terjual",
    "sold_count_clean":3000.0,
    "product_url":"https:\/\/www.tokopedia.com\/herbaltokoonline\/vcominyak-kelapa-murnivirgin-coconut-oil?extParam=ivf%3Dfalse%26keyword%3Dvirgin+coconut+oil%26src%3Dsearch",
    "search_query":"virgin coconut oil",
    "weight_kg":null,
    "price_per_kg":null,
    "0":"umum",
    "1":"vco"
  },
  {
    "_id":{
      "$oid":"68491d167013c07662ad9054"
    },
    "timestamp_scrape":"2025-06-11T12:20:20.421885",
    "ecommerce":"Tokopedia",
    "product_name":"MINYAK KELAPA VCO VIRGIN COCONUT OIL SPRAY OBAT JAMUR GATAL SCABIES",
    "price_raw":"Rp22.500",
    "price_clean":22500.0,
    "shop_name":"Beauty Lau",
    "sold_count_raw":"100+ terjual",
    "sold_count_clean":100.0,
    "product_url":"https:\/\/www.tokopedia.com\/beautylau\/minyak-kelapa-vco-virgin-coconut-oil-spray-obat-jamur-gatal-scabies?extParam=ivf%3Dfalse%26keyword%3Dvirgin+coconut+oil%26src%3Dsearch",
    "search_query":"virgin coconut oil",
    "weight_kg":null,
    "price_per_kg":null,
    "0":"umum",
    "1":"vco"
  },
  {
    "_id":{
      "$oid":"68491d167013c07662ad9055"
    },
    "timestamp_scrape":"2025-06-11T12:20:21.012533",
    "ecommerce":"Tokopedia",
    "product_name":"KAREIN MINYAK VCO VIRGIN COCONUT OIL KUCING OBAT JAMUR SCABIES SKABIES",
    "price_raw":"Rp24.200",
    "price_clean":24200.0,
    "shop_name":"Toko Pilantropis",
    "sold_count_raw":"100+ terjual",
    "sold_count_clean":100.0,
    "product_url":"https:\/\/www.tokopedia.com\/tokopilantropis\/karein-minyak-vco-virgin-coconut-oil-kucing-obat-jamur-scabies-skabies?extParam=ivf%3Dfalse%26keyword%3Dvirgin+coconut+oil%26src%3Dsearch",
    "search_query":"virgin coconut oil",
    "weight_kg":null,
    "price_per_kg":null,
    "0":"hewan",
    "1":"lain"
  },
  {
    "_id":{
      "$oid":"68491d167013c07662ad9056"
    },
    "timestamp_scrape":"2025-06-11T12:20:21.602326",
    "ecommerce":"Tokopedia",
    "product_name":"Concos Virgin Coconut Oil 100ml & 250ml Minyak Kelapa Murni untuk Anak VCO Concos",
    "price_raw":"Rp34.900",
    "price_clean":34900.0,
    "shop_name":"Poko Tots",
    "sold_count_raw":"100+ terjual",
    "sold_count_clean":100.0,
    "product_url":"https:\/\/www.tokopedia.com\/poko-tots\/concos-virgin-coconut-oil-100ml-250ml-minyak-kelapa-murni-untuk-anak-vco-concos-1729577500116683074?extParam=ivf%3Dfalse%26keyword%3Dvirgin+coconut+oil%26src%3Dsearch",
    "search_query":"virgin coconut oil",
    "weight_kg":0.1,
    "price_per_kg":349000.0,
    "0":"umum",
    "1":"vco"
  },
  {
    "_id":{
      "$oid":"68491d167013c07662ad9057"
    },
    "timestamp_scrape":"2025-06-11T12:20:22.191664",
    "ecommerce":"Tokopedia",
    "product_name":"Bawana Premium Virgin Coconut Oil 220ml",
    "price_raw":"Rp74.000",
    "price_clean":74000.0,
    "shop_name":"Bawana",
    "sold_count_raw":"20 terjual",
    "sold_count_clean":20.0,
    "product_url":"https:\/\/www.tokopedia.com\/bawanindo\/bawana-premium-virgin-coconut-oil-220ml?extParam=ivf%3Dfalse%26keyword%3Dvirgin+coconut+oil%26src%3Dsearch",
    "search_query":"virgin coconut oil",
    "weight_kg":0.22,
    "price_per_kg":336363.6363636364,
    "0":"umum",
    "1":"vco"
  },
  {
    "_id":{
      "$oid":"68491d167013c07662ad905a"
    },
    "timestamp_scrape":"2025-06-11T12:20:48.212311",
    "ecommerce":"Tokopedia",
    "product_name":"VCO Virgin Coconut Oil 500 ml  - Minyak kelapa VCO Murni 100%",
    "price_raw":"Rp16.999",
    "price_clean":16999.0,
    "shop_name":"Mediterania Shop",
    "sold_count_raw":"80+ terjual",
    "sold_count_clean":80.0,
    "product_url":"https:\/\/www.tokopedia.com\/mediteranians\/vco-virgin-coconut-oil-500-ml-minyak-kelapa-vco-murni-100-80ml-adb31?extParam=ivf%3Dfalse%26keyword%3Dvirgin+coconut+oil%26src%3Dsearch",
    "search_query":"virgin coconut oil",
    "weight_kg":0.5,
    "price_per_kg":33998.0,
    "0":"umum",
    "1":"lain"
  },
  {
    "_id":{
      "$oid":"68491d167013c07662ad905b"
    },
    "timestamp_scrape":"2025-06-11T12:20:48.798773",
    "ecommerce":"Tokopedia",
    "product_name":"VIRGIN COCONUT OIL JAVARA 250 gr",
    "price_raw":"Rp126.000",
    "price_clean":126000.0,
    "shop_name":"Omega Food",
    "sold_count_raw":"4 terjual",
    "sold_count_clean":4.0,
    "product_url":"https:\/\/www.tokopedia.com\/090991\/virgin-coconut-oil-javara-250-gr?extParam=ivf%3Dfalse%26keyword%3Dvirgin+coconut+oil%26src%3Dsearch",
    "search_query":"virgin coconut oil",
    "weight_kg":0.25,
    "price_per_kg":504000.0,
    "0":"umum",
    "1":"vco"
  },
  {
    "_id":{
      "$oid":"68491d167013c07662ad905c"
    },
    "timestamp_scrape":"2025-06-11T12:20:49.392708",
    "ecommerce":"Tokopedia",
    "product_name":"Obat Jamur Obat Scabies Kucing Anjing Minyak VCO Virgin Coconut Oil",
    "price_raw":"Rp9.999",
    "price_clean":9999.0,
    "shop_name":"HAMUTARO STORE",
    "sold_count_raw":"70+ terjual",
    "sold_count_clean":70.0,
    "product_url":"https:\/\/www.tokopedia.com\/hamutaro\/obat-jamur-obat-scabies-kucing-anjing-minyak-vco-virgin-coconut-oil?extParam=ivf%3Dfalse%26keyword%3Dvirgin+coconut+oil%26src%3Dsearch",
    "search_query":"virgin coconut oil",
    "weight_kg":null,
    "price_per_kg":null,
    "0":"umum",
    "1":"lain"
  },
  {
    "_id":{
      "$oid":"68491d167013c07662ad905d"
    },
    "timestamp_scrape":"2025-06-11T12:20:49.977657",
    "ecommerce":"Tokopedia",
    "product_name":"Sido Muncul Natural HerbaMix5 + Virgin Coconut Oil Soft Capsule",
    "price_raw":"Rp189.608",
    "price_clean":189608.0,
    "shop_name":"Sido Muncul Store",
    "sold_count_raw":"250+ terjual",
    "sold_count_clean":250.0,
    "product_url":"https:\/\/www.tokopedia.com\/sidomunculstore\/sido-muncul-natural-herbamix5-virgin-coconut-oil-soft-capsule?extParam=ivf%3Dtrue%26keyword%3Dvirgin+coconut+oil%26src%3Dsearch",
    "search_query":"virgin coconut oil",
    "weight_kg":null,
    "price_per_kg":null,
    "0":"umum",
    "1":"lain"
  },
  {
    "_id":{
      "$oid":"68491d167013c07662ad905e"
    },
    "timestamp_scrape":"2025-06-11T12:20:50.568046",
    "ecommerce":"Tokopedia",
    "product_name":"ELOPE PUCO VIRGIN COCONUT OIL 30ML - Minyak Vco Kucing Anjing Obat Jamur Scabies",
    "price_raw":"Rp23.000",
    "price_clean":23000.0,
    "shop_name":"FOR FUN SHOP",
    "sold_count_raw":"9 terjual",
    "sold_count_clean":9.0,
    "product_url":"https:\/\/www.tokopedia.com\/ffs248\/elope-puco-virgin-coconut-oil-30ml-minyak-vco-kucing-anjing-obat-jamur-scabies?extParam=ivf%3Dfalse%26keyword%3Dvirgin+coconut+oil%26src%3Dsearch",
    "search_query":"virgin coconut oil",
    "weight_kg":0.03,
    "price_per_kg":766666.6666666667,
    "0":"hewan",
    "1":"vco"
  },
  {
    "_id":{
      "$oid":"68491d167013c07662ad905f"
    },
    "timestamp_scrape":"2025-06-11T12:20:51.179401",
    "ecommerce":"Tokopedia",
    "product_name":"MINYAK KELAPA VCO Darusyifa (VIRGIN COCONUT OIL)100ML",
    "price_raw":"Rp25.000",
    "price_clean":25000.0,
    "shop_name":"Tokobintangshine",
    "sold_count_raw":"5 terjual",
    "sold_count_clean":5.0,
    "product_url":"https:\/\/www.tokopedia.com\/terang168\/minyak-kelapa-vco-darusyifa-virgin-coconut-oil-100ml?extParam=ivf%3Dfalse%26keyword%3Dvirgin+coconut+oil%26src%3Dsearch",
    "search_query":"virgin coconut oil",
    "weight_kg":0.1,
    "price_per_kg":250000.0,
    "0":"umum",
    "1":"lain"
  },
  {
    "_id":{
      "$oid":"68491d167013c07662ad9060"
    },
    "timestamp_scrape":"2025-06-11T12:20:51.769811",
    "ecommerce":"Tokopedia",
    "product_name":"Javara Organic Extra Virgin Coconut Oil 250ml",
    "price_raw":"Rp75.000",
    "price_clean":75000.0,
    "shop_name":"Healthy Grocery",
    "sold_count_raw":"26 terjual",
    "sold_count_clean":26.0,
    "product_url":"https:\/\/www.tokopedia.com\/healthygrocery\/javara-organic-extra-virgin-coconut-oil-250ml?extParam=ivf%3Dfalse%26keyword%3Dvirgin+coconut+oil%26src%3Dsearch",
    "search_query":"virgin coconut oil",
    "weight_kg":0.25,
    "price_per_kg":300000.0,
    "0":"umum",
    "1":"lain"
  },
  {
    "_id":{
      "$oid":"68491d167013c07662ad9061"
    },
    "timestamp_scrape":"2025-06-11T12:20:52.354369",
    "ecommerce":"Tokopedia",
    "product_name":"Nutiver Extra Virgin Coconut Oil \/ Premium VCO 250ML - Minyak Kelapa",
    "price_raw":"Rp37.500",
    "price_clean":37500.0,
    "shop_name":"IVARON.ID",
    "sold_count_raw":"500+ terjual",
    "sold_count_clean":500.0,
    "product_url":"https:\/\/www.tokopedia.com\/ivaron\/nutiver-extra-virgin-coconut-oil-premium-vco-250ml-minyak-kelapa?extParam=ivf%3Dfalse%26keyword%3Dvirgin+coconut+oil%26src%3Dsearch",
    "search_query":"virgin coconut oil",
    "weight_kg":0.25,
    "price_per_kg":150000.0,
    "0":"umum",
    "1":"vco"
  },
  {
    "_id":{
      "$oid":"68491d167013c07662ad9062"
    },
    "timestamp_scrape":"2025-06-11T12:20:52.945483",
    "ecommerce":"Tokopedia",
    "product_name":"Minyak Kelapa Murni VCO \/ Virgin Coconut Oil",
    "price_raw":"Rp20.000",
    "price_clean":20000.0,
    "shop_name":"vibes fruit_NEW",
    "sold_count_raw":"28 terjual",
    "sold_count_clean":28.0,
    "product_url":"https:\/\/www.tokopedia.com\/vibesfruits\/minyak-kelapa-murni-vco-virgin-coconut-oil-110-gram-2c362?extParam=ivf%3Dfalse%26keyword%3Dvirgin+coconut+oil%26src%3Dsearch",
    "search_query":"virgin coconut oil",
    "weight_kg":null,
    "price_per_kg":null,
    "0":"hewan",
    "1":"vco"
  },
  {
    "_id":{
      "$oid":"68491d167013c07662ad9063"
    },
    "timestamp_scrape":"2025-06-11T12:20:53.537115",
    "ecommerce":"Tokopedia",
    "product_name":"Lollillo Barkery - vitamin Virgin Coconut Oil \/ VCO 100ml",
    "price_raw":"Rp30.000",
    "price_clean":30000.0,
    "shop_name":"Vet Village",
    "sold_count_raw":"14 terjual",
    "sold_count_clean":14.0,
    "product_url":"https:\/\/www.tokopedia.com\/vetvillage\/lollillo-barkery-vitamin-virgin-coconut-oil-vco-100ml?extParam=ivf%3Dfalse%26keyword%3Dvirgin+coconut+oil%26src%3Dsearch",
    "search_query":"virgin coconut oil",
    "weight_kg":0.1,
    "price_per_kg":300000.0,
    "0":"umum",
    "1":"vco"
  },
  {
    "_id":{
      "$oid":"68491d167013c07662ad9064"
    },
    "timestamp_scrape":"2025-06-11T12:20:54.301677",
    "ecommerce":"Tokopedia",
    "product_name":"Minyak Kelapa Murni Kucing Anjing 30 Ml | Virgin Coconut Oil",
    "price_raw":"Rp34.900",
    "price_clean":34900.0,
    "shop_name":"The FootPrint Factory",
    "sold_count_raw":"0 terjual",
    "sold_count_clean":0.0,
    "product_url":"https:\/\/www.tokopedia.com\/thefootprintfactory\/minyak-kelapa-murni-kucing-anjing-30-ml-virgin-coconut-oil?extParam=ivf%3Dfalse%26keyword%3Dvirgin+coconut+oil%26src%3Dsearch",
    "search_query":"virgin coconut oil",
    "weight_kg":0.03,
    "price_per_kg":1163333.3333333335,
    "0":"umum",
    "1":"lain"
  },
  {
    "_id":{
      "$oid":"68491d167013c07662ad9067"
    },
    "timestamp_scrape":"2025-06-11T12:21:29.005113",
    "ecommerce":"Tokopedia",
    "product_name":"BUKU TAKLUKAN PENYAKIT DENGAN VCO VIRGIN COCONUT OIL",
    "price_raw":"Rp25.000",
    "price_clean":25000.0,
    "shop_name":"TB MIHARBOOKS",
    "sold_count_raw":"40+ terjual",
    "sold_count_clean":40.0,
    "product_url":"https:\/\/www.tokopedia.com\/tbmiharbooks\/buku-taklukan-penyakit-dengan-vco-virgin-coconut-oil?extParam=ivf%3Dfalse%26keyword%3Dvirgin+coconut+oil%26src%3Dsearch",
    "search_query":"virgin coconut oil",
    "weight_kg":null,
    "price_per_kg":null,
    "0":"umum",
    "1":"vco"
  },
  {
    "_id":{
      "$oid":"68491d167013c07662ad9068"
    },
    "timestamp_scrape":"2025-06-11T12:21:29.592653",
    "ecommerce":"Tokopedia",
    "product_name":"Minyak VCO Virgin Coconut Oil untuk Kucing Anjing dan Hewan Peliharaan",
    "price_raw":"Rp17.000",
    "price_clean":17000.0,
    "shop_name":"mahyar.cats",
    "sold_count_raw":"90+ terjual",
    "sold_count_clean":90.0,
    "product_url":"https:\/\/www.tokopedia.com\/mahyarcats\/minyak-vco-virgin-coconut-oil-untuk-kucing-anjing-dan-hewan-peliharaan?extParam=ivf%3Dfalse%26keyword%3Dvirgin+coconut+oil%26src%3Dsearch",
    "search_query":"virgin coconut oil",
    "weight_kg":null,
    "price_per_kg":null,
    "0":"umum",
    "1":"lain"
  },
  {
    "_id":{
      "$oid":"68491d167013c07662ad9069"
    },
    "timestamp_scrape":"2025-06-11T12:21:30.188274",
    "ecommerce":"Tokopedia",
    "product_name":"Chicken Jerky Original + Organic Extra Virgin Coconut Oil 100% Natural",
    "price_raw":"Rp50.000",
    "price_clean":50000.0,
    "shop_name":"BarksToNature",
    "sold_count_raw":"500+ terjual",
    "sold_count_clean":500.0,
    "product_url":"https:\/\/www.tokopedia.com\/bto-5\/chicken-jerky-original-organic-extra-virgin-coconut-oil-100-natural?extParam=ivf%3Dfalse%26keyword%3Dvirgin+coconut+oil%26src%3Dsearch",
    "search_query":"virgin coconut oil",
    "weight_kg":null,
    "price_per_kg":null,
    "0":"umum",
    "1":"vco"
  },
  {
    "_id":{
      "$oid":"68491d167013c07662ad906a"
    },
    "timestamp_scrape":"2025-06-11T12:21:30.780435",
    "ecommerce":"Tokopedia",
    "product_name":"Extra Virgin Coconut Oil VCO 100ml | Minyak Kelapa Murni | Daya tahan",
    "price_raw":"Rp24.000",
    "price_clean":24000.0,
    "shop_name":"MyWarehouseID",
    "sold_count_raw":"13 terjual",
    "sold_count_clean":13.0,
    "product_url":"https:\/\/www.tokopedia.com\/mywarehouseid\/extra-virgin-coconut-oil-vco-100ml-minyak-kelapa-murni-daya-tahan?extParam=ivf%3Dfalse%26keyword%3Dvirgin+coconut+oil%26src%3Dsearch",
    "search_query":"virgin coconut oil",
    "weight_kg":0.1,
    "price_per_kg":240000.0,
    "0":"umum",
    "1":"evco"
  },
  {
    "_id":{
      "$oid":"68491d167013c07662ad906b"
    },
    "timestamp_scrape":"2025-06-11T12:21:31.365669",
    "ecommerce":"Tokopedia",
    "product_name":"BALI Virgin Coconut Oil 100% Cold Pressed 1Liter",
    "price_raw":"Rp255.000",
    "price_clean":255000.0,
    "shop_name":"Healthy Care Days",
    "sold_count_raw":"80+ terjual",
    "sold_count_clean":80.0,
    "product_url":"https:\/\/www.tokopedia.com\/he4lthyc4red4ys\/bali-virgin-coconut-oil-100-cold-pressed-1liter?extParam=ivf%3Dfalse%26keyword%3Dvirgin+coconut+oil%26src%3Dsearch",
    "search_query":"virgin coconut oil",
    "weight_kg":1.0,
    "price_per_kg":255000.0,
    "0":"umum",
    "1":"vco"
  },
  {
    "_id":{
      "$oid":"68491d167013c07662ad906c"
    },
    "timestamp_scrape":"2025-06-11T12:21:31.950825",
    "ecommerce":"Tokopedia",
    "product_name":"VCO SR12 - VIRGIN COCONUT OIL SR12 - VICO SR12 60 ml Health & Beauty",
    "price_raw":"Rp34.500",
    "price_clean":34500.0,
    "shop_name":"CV ARFA Herbal Shop",
    "sold_count_raw":"18 terjual",
    "sold_count_clean":18.0,
    "product_url":"https:\/\/www.tokopedia.com\/cv-arfa-shop\/vco-sr12-virgin-coconut-oil-sr12-vico-sr12-60-ml-health-beauty?extParam=ivf%3Dfalse%26keyword%3Dvirgin+coconut+oil%26src%3Dsearch",
    "search_query":"virgin coconut oil",
    "weight_kg":0.06,
    "price_per_kg":575000.0,
    "0":"hewan",
    "1":"vco"
  },
  {
    "_id":{
      "$oid":"68491d167013c07662ad906d"
    },
    "timestamp_scrape":"2025-06-11T12:21:32.553305",
    "ecommerce":"Tokopedia",
    "product_name":"Virgin Coconut Oil 250 ml Nowhealth VCO Organik Minyak Kelapa Murni",
    "price_raw":"Rp31.900",
    "price_clean":31900.0,
    "shop_name":"nowhealth",
    "sold_count_raw":"7 terjual",
    "sold_count_clean":7.0,
    "product_url":"https:\/\/www.tokopedia.com\/nowhealth\/virgin-coconut-oil-250-ml-nowhealth-vco-organik-minyak-kelapa-murni-1730569963680008116?extParam=ivf%3Dfalse%26keyword%3Dvirgin+coconut+oil%26src%3Dsearch",
    "search_query":"virgin coconut oil",
    "weight_kg":0.25,
    "price_per_kg":127600.0,
    "0":"umum",
    "1":"vco"
  },
  {
    "_id":{
      "$oid":"68491d167013c07662ad906e"
    },
    "timestamp_scrape":"2025-06-11T12:21:33.139298",
    "ecommerce":"Tokopedia",
    "product_name":"VCO Rainbow Natural Virgin coconut oil 60ml - minyak kelapa",
    "price_raw":"Rp16.637",
    "price_clean":16637.0,
    "shop_name":"Petshop Cileungsi",
    "sold_count_raw":"30+ terjual",
    "sold_count_clean":30.0,
    "product_url":"https:\/\/www.tokopedia.com\/petshopcilengsi\/vco-rainbow-natural-virgin-coconut-oil-60ml-minyak-kelapa?extParam=ivf%3Dfalse%26keyword%3Dvirgin+coconut+oil%26src%3Dsearch",
    "search_query":"virgin coconut oil",
    "weight_kg":0.06,
    "price_per_kg":277283.3333333334,
    "0":"umum",
    "1":"evco"
  },
  {
    "_id":{
      "$oid":"68491d167013c07662ad906f"
    },
    "timestamp_scrape":"2025-06-11T12:21:33.750662",
    "ecommerce":"Tokopedia",
    "product_name":"VCO Extra Virgin Coconut Oil 250ml \/ NaturiQ Minyak Kelapa Murni Obat Kolesterol \/ Minyak Kelapa Asli 100% Termurah \/ Virgin Oil Coconut Original",
    "price_raw":"Rp55.000",
    "price_clean":55000.0,
    "shop_name":"Toko Kurma Arafah",
    "sold_count_raw":"30+ terjual",
    "sold_count_clean":30.0,
    "product_url":"https:\/\/www.tokopedia.com\/kurmaarafah\/vco-extra-virgin-coconut-oil-250ml-naturiq-minyak-kelapa-murni-obat-kolesterol-minyak-kelapa-asli-100-termurah-virgin-oil-coconut-original?extParam=ivf%3Dfalse%26keyword%3Dvirgin+coconut+oil%26src%3Dsearch",
    "search_query":"virgin coconut oil",
    "weight_kg":0.25,
    "price_per_kg":220000.0,
    "0":"umum",
    "1":"vco"
  },
  {
    "_id":{
      "$oid":"68491d167013c07662ad9070"
    },
    "timestamp_scrape":"2025-06-11T12:21:34.335878",
    "ecommerce":"Tokopedia",
    "product_name":"Susu Elvis - Vitamin Bulu Kulit Tulang Anjing Kucing 100% Natural - Dog Cat Pet Supplement - Super Booster - Virgin Coconut Oil",
    "price_raw":"Rp29.900",
    "price_clean":29900.0,
    "shop_name":"Susu Elvis Tangerang",
    "sold_count_raw":"4 terjual",
    "sold_count_clean":4.0,
    "product_url":"https:\/\/www.tokopedia.com\/susuelvistangerang\/susu-elvis-vitamin-bulu-kulit-tulang-anjing-kucing-100-natural-dog-cat-pet-supplement-super-booster-virgin-coconut-oil-1731162197575435560?extParam=ivf%3Dfalse%26keyword%3Dvirgin+coconut+oil%26src%3Dsearch",
    "search_query":"virgin coconut oil",
    "weight_kg":null,
    "price_per_kg":null,
    "0":"umum",
    "1":"vco"
  },
  {
    "_id":{
      "$oid":"68491d167013c07662ad9071"
    },
    "timestamp_scrape":"2025-06-11T12:21:34.921371",
    "ecommerce":"Tokopedia",
    "product_name":"Extra Virgin Coconut Oil Capsule VCO 200 cap - Kelapa Murni 100%",
    "price_raw":"Rp59.000",
    "price_clean":59000.0,
    "shop_name":"HerbalBagus shop",
    "sold_count_raw":"40+ terjual",
    "sold_count_clean":40.0,
    "product_url":"https:\/\/www.tokopedia.com\/herbalbagusshop\/extra-virgin-coconut-oil-capsule-vco-200-cap-kelapa-murni-100?extParam=ivf%3Dfalse%26keyword%3Dvirgin+coconut+oil%26src%3Dsearch",
    "search_query":"virgin coconut oil",
    "weight_kg":null,
    "price_per_kg":null,
    "0":"umum",
    "1":"vco"
  },
  {
    "_id":{
      "$oid":"68491d167013c07662ad9074"
    },
    "timestamp_scrape":"2025-06-11T12:21:59.837018",
    "ecommerce":"Tokopedia",
    "product_name":"Lollillo Barkery - Virgin Coconut Oil \/ VCO 100ml",
    "price_raw":"Rp30.000",
    "price_clean":30000.0,
    "shop_name":"Pet Zone Shop",
    "sold_count_raw":"16 terjual",
    "sold_count_clean":16.0,
    "product_url":"https:\/\/www.tokopedia.com\/petzone\/lollillo-barkery-virgin-coconut-oil-vco-100ml?extParam=ivf%3Dfalse%26keyword%3Dvirgin+coconut+oil%26src%3Dsearch",
    "search_query":"virgin coconut oil",
    "weight_kg":0.1,
    "price_per_kg":300000.0,
    "0":"hewan",
    "1":"vco"
  },
  {
    "_id":{
      "$oid":"68491d167013c07662ad9075"
    },
    "timestamp_scrape":"2025-06-11T12:22:00.425386",
    "ecommerce":"Tokopedia",
    "product_name":"Virgin Coconut Oil (VCO) 500ML",
    "price_raw":"Rp100.000",
    "price_clean":100000.0,
    "shop_name":"Boss Petshop",
    "sold_count_raw":"2 terjual",
    "sold_count_clean":2.0,
    "product_url":"https:\/\/www.tokopedia.com\/bosspetshop\/virgin-coconut-oil-vco-500ml?extParam=ivf%3Dfalse%26keyword%3Dvirgin+coconut+oil%26src%3Dsearch",
    "search_query":"virgin coconut oil",
    "weight_kg":0.5,
    "price_per_kg":200000.0,
    "0":"umum",
    "1":"vco"
  },
  {
    "_id":{
      "$oid":"68491d167013c07662ad9076"
    },
    "timestamp_scrape":"2025-06-11T12:22:01.022066",
    "ecommerce":"Tokopedia",
    "product_name":"NUTRIFERA EVCO Extra Virgin Coconut Oil 500ml Cold Pressed\/Minyak Kelapa Murni 500ml",
    "price_raw":"Rp62.700",
    "price_clean":62700.0,
    "shop_name":"Nutrifera Official Store",
    "sold_count_raw":"40+ terjual",
    "sold_count_clean":40.0,
    "product_url":"https:\/\/www.tokopedia.com\/nutrifera\/nutrifera-evco-extra-virgin-coconut-oil-500ml-cold-pressed-minyak-kelapa-murni-500ml-plastic-bottle-0d552?extParam=ivf%3Dfalse%26keyword%3Dvirgin+coconut+oil%26src%3Dsearch",
    "search_query":"virgin coconut oil",
    "weight_kg":0.5,
    "price_per_kg":125400.0,
    "0":"hewan",
    "1":"lain"
  },
  {
    "_id":{
      "$oid":"68491d167013c07662ad9077"
    },
    "timestamp_scrape":"2025-06-11T12:22:01.616791",
    "ecommerce":"Tokopedia",
    "product_name":"Batrisyia Sabun With Virgin Coconut Oil",
    "price_raw":"Rp35.000",
    "price_clean":35000.0,
    "shop_name":"Batrisyiacare",
    "sold_count_raw":"20 terjual",
    "sold_count_clean":20.0,
    "product_url":"https:\/\/www.tokopedia.com\/batrisyiacare-657\/batrisyia-sabun-with-virgin-coconut-oil-1729644141546997780?extParam=ivf%3Dfalse%26keyword%3Dvirgin+coconut+oil%26src%3Dsearch",
    "search_query":"virgin coconut oil",
    "weight_kg":null,
    "price_per_kg":null,
    "0":"umum",
    "1":"vco"
  },
  {
    "_id":{
      "$oid":"68491d167013c07662ad9078"
    },
    "timestamp_scrape":"2025-06-11T12:22:02.205698",
    "ecommerce":"Tokopedia",
    "product_name":"DOG APPETIT VCO Virgin Coconut Oil Minyak Kelapa Murni Segar 200ml",
    "price_raw":"Rp27.000",
    "price_clean":27000.0,
    "shop_name":"PETIVORA",
    "sold_count_raw":"21 terjual",
    "sold_count_clean":21.0,
    "product_url":"https:\/\/www.tokopedia.com\/petivora\/dog-appetit-vco-virgin-coconut-oil-minyak-kelapa-murni-segar-200ml?extParam=ivf%3Dfalse%26keyword%3Dvirgin+coconut+oil%26src%3Dsearch",
    "search_query":"virgin coconut oil",
    "weight_kg":0.2,
    "price_per_kg":135000.0,
    "0":"hewan",
    "1":"vco"
  },
  {
    "_id":{
      "$oid":"68491d167013c07662ad9079"
    },
    "timestamp_scrape":"2025-06-11T12:22:02.793047",
    "ecommerce":"Tokopedia",
    "product_name":"Hungry Petto Chicken Apple Virgin Coconut Oil Raw Dog Food",
    "price_raw":"Rp51.000",
    "price_clean":51000.0,
    "shop_name":"Koperasi IRAW Jaksel",
    "sold_count_raw":"100+ terjual",
    "sold_count_clean":100.0,
    "product_url":"https:\/\/www.tokopedia.com\/irawjaksel\/hungry-petto-chicken-apple-virgin-coconut-oil-raw-dog-food?extParam=ivf%3Dfalse%26keyword%3Dvirgin+coconut+oil%26src%3Dsearch",
    "search_query":"virgin coconut oil",
    "weight_kg":null,
    "price_per_kg":null,
    "0":"umum",
    "1":"lain"
  },
  {
    "_id":{
      "$oid":"68491d167013c07662ad907a"
    },
    "timestamp_scrape":"2025-06-11T12:22:03.386216",
    "ecommerce":"Tokopedia",
    "product_name":"FOURVICO Extra Virgin Coconut Oil I Premium Quality Coconut Oil | Minyak Kelapa Murni - 100ml",
    "price_raw":"Rp12.625",
    "price_clean":12625.0,
    "shop_name":"Linkherbal_NEW",
    "sold_count_raw":"100+ terjual",
    "sold_count_clean":100.0,
    "product_url":"https:\/\/www.tokopedia.com\/linkherbal\/fourvico-extra-virgin-coconut-oil-i-premium-quality-coconut-oil-minyak-kelapa-murni-100ml-1729609115599210572?extParam=ivf%3Dfalse%26keyword%3Dvirgin+coconut+oil%26src%3Dsearch",
    "search_query":"virgin coconut oil",
    "weight_kg":0.1,
    "price_per_kg":126250.0,
    "0":"umum",
    "1":"vco"
  },
  {
    "_id":{
      "$oid":"68491d167013c07662ad907b"
    },
    "timestamp_scrape":"2025-06-11T12:22:03.972557",
    "ecommerce":"Tokopedia",
    "product_name":"Maggpro VCO Virgin Coconut Oil Suplemen for Cats Dogs anjing kucing",
    "price_raw":"Rp60.000",
    "price_clean":60000.0,
    "shop_name":"championstore22_NEW",
    "sold_count_raw":"100+ terjual",
    "sold_count_clean":100.0,
    "product_url":"https:\/\/www.tokopedia.com\/dimasnh\/maggpro-vco-virgin-coconut-oil-suplemen-for-cats-dogs-anjing-kucing-omega-oil?extParam=ivf%3Dfalse%26keyword%3Dvirgin+coconut+oil%26src%3Dsearch",
    "search_query":"virgin coconut oil",
    "weight_kg":null,
    "price_per_kg":null,
    "0":"hewan",
    "1":"vco"
  },
  {
    "_id":{
      "$oid":"68491d167013c07662ad907c"
    },
    "timestamp_scrape":"2025-06-11T12:22:04.561678",
    "ecommerce":"Tokopedia",
    "product_name":"BALI COLD PRESSED EXTRA VIRGIN COCONUT OIL 500ML",
    "price_raw":"Rp220.000",
    "price_clean":220000.0,
    "shop_name":"Finest Grocery",
    "sold_count_raw":"16 terjual",
    "sold_count_clean":16.0,
    "product_url":"https:\/\/www.tokopedia.com\/finestgrocery\/bali-cold-pressed-extra-virgin-coconut-oil-500ml?extParam=ivf%3Dfalse%26keyword%3Dvirgin+coconut+oil%26src%3Dsearch",
    "search_query":"virgin coconut oil",
    "weight_kg":0.5,
    "price_per_kg":440000.0,
    "0":"umum",
    "1":"vco"
  },
  {
    "_id":{
      "$oid":"68491d167013c07662ad907d"
    },
    "timestamp_scrape":"2025-06-11T12:22:05.150411",
    "ecommerce":"Tokopedia",
    "product_name":"VICO VIRGIN COCONUT OIL SR12 \/ MINYAK KELAPA 100ml",
    "price_raw":"Rp45.000",
    "price_clean":45000.0,
    "shop_name":"sr12skincareherbalid_NEW",
    "sold_count_raw":"30+ terjual",
    "sold_count_clean":30.0,
    "product_url":"https:\/\/www.tokopedia.com\/sr12skinherbalid\/vico-virgin-coconut-oil-sr12-minyak-kelapa-100ml?extParam=ivf%3Dfalse%26keyword%3Dvirgin+coconut+oil%26src%3Dsearch",
    "search_query":"virgin coconut oil",
    "weight_kg":0.1,
    "price_per_kg":450000.0,
    "0":"umum",
    "1":"vco"
  },
  {
    "_id":{
      "$oid":"68491d167013c07662ad907e"
    },
    "timestamp_scrape":"2025-06-11T12:22:05.744483",
    "ecommerce":"Tokopedia",
    "product_name":"VCO Syifa Virgin Coconut Oil 100 Capsule l VCO l Virgin Coconut l Coco",
    "price_raw":"Rp30.000",
    "price_clean":30000.0,
    "shop_name":"Dramaga Herbal Store",
    "sold_count_raw":"40+ terjual",
    "sold_count_clean":40.0,
    "product_url":"https:\/\/www.tokopedia.com\/d-herbalstore\/vco-syifa-virgin-coconut-oil-100-capsule-l-vco-l-virgin-coconut-l-coco?extParam=ivf%3Dfalse%26keyword%3Dvirgin+coconut+oil%26src%3Dsearch",
    "search_query":"virgin coconut oil",
    "weight_kg":null,
    "price_per_kg":null,
    "0":"umum",
    "1":"vco"
  },
  {
    "_id":{
      "$oid":"68491d167013c07662ad9081"
    },
    "timestamp_scrape":"2025-06-11T12:22:31.346081",
    "ecommerce":"Tokopedia",
    "product_name":"This! VCO virgin coconut oil kucing dan anjing This! Pet 60ml",
    "price_raw":"Rp25.000",
    "price_clean":25000.0,
    "shop_name":"BunnyCat Cipondoh",
    "sold_count_raw":"1 terjual",
    "sold_count_clean":1.0,
    "product_url":"https:\/\/www.tokopedia.com\/bunnycatcipondoh\/this-vco-virgin-coconut-oil-kucing-dan-anjing-this-pet-60ml?extParam=ivf%3Dfalse%26keyword%3Dvirgin+coconut+oil%26src%3Dsearch",
    "search_query":"virgin coconut oil",
    "weight_kg":0.06,
    "price_per_kg":416666.6666666667,
    "0":"hewan",
    "1":"vco"
  },
  {
    "_id":{
      "$oid":"68491d167013c07662ad9082"
    },
    "timestamp_scrape":"2025-06-11T12:22:31.934823",
    "ecommerce":"Tokopedia",
    "product_name":"VCO 99 Minyak Kelapa Murni Virgin coconut Oil 125 ml Asli Origina",
    "price_raw":"Rp20.000",
    "price_clean":20000.0,
    "shop_name":"Mandiri Herbal_NEW",
    "sold_count_raw":"60+ terjual",
    "sold_count_clean":60.0,
    "product_url":"https:\/\/www.tokopedia.com\/h3rb4\/vco-99-minyak-kelapa-murni-virgin-coconut-oil-125-ml-asli-origina?extParam=ivf%3Dfalse%26keyword%3Dvirgin+coconut+oil%26src%3Dsearch",
    "search_query":"virgin coconut oil",
    "weight_kg":0.125,
    "price_per_kg":160000.0,
    "0":"umum",
    "1":"vco"
  },
  {
    "_id":{
      "$oid":"68491d167013c07662ad9083"
    },
    "timestamp_scrape":"2025-06-11T12:22:32.523203",
    "ecommerce":"Tokopedia",
    "product_name":"TheOrganicStop Paket 50ml Rose Water + 50ml Extra Virgin Coconut Oil",
    "price_raw":"Rp29.900",
    "price_clean":29900.0,
    "shop_name":"The Organic Stop",
    "sold_count_raw":"40+ terjual",
    "sold_count_clean":40.0,
    "product_url":"https:\/\/www.tokopedia.com\/theorganicstop\/theorganicstop-paket-50ml-rose-water-50ml-extra-virgin-coconut-oil?extParam=ivf%3Dfalse%26keyword%3Dvirgin+coconut+oil%26src%3Dsearch",
    "search_query":"virgin coconut oil",
    "weight_kg":0.05,
    "price_per_kg":598000.0,
    "0":"umum",
    "1":"lain"
  },
  {
    "_id":{
      "$oid":"68491d167013c07662ad9084"
    },
    "timestamp_scrape":"2025-06-11T12:22:33.107743",
    "ecommerce":"Tokopedia",
    "product_name":"Minyak Kelapa Murni Extra Virgin Coconut Oil VCO Asli Dapat Diminum Klentik Organik Masak Minum",
    "price_raw":"Rp21.375",
    "price_clean":21375.0,
    "shop_name":"Alamee Indonesia",
    "sold_count_raw":"15 terjual",
    "sold_count_clean":15.0,
    "product_url":"https:\/\/www.tokopedia.com\/alameeindonesia\/minyak-kelapa-murni-extra-virgin-coconut-oil-vco-asli-dapat-diminum-klentik-organik-masak-minum-100ml-93bb4?extParam=ivf%3Dfalse%26keyword%3Dvirgin+coconut+oil%26src%3Dsearch",
    "search_query":"virgin coconut oil",
    "weight_kg":null,
    "price_per_kg":null,
    "0":"umum",
    "1":"lain"
  },
  {
    "_id":{
      "$oid":"68491d167013c07662ad9085"
    },
    "timestamp_scrape":"2025-06-11T12:22:33.698477",
    "ecommerce":"Tokopedia",
    "product_name":"PETO VCO 100ML POUR ON - Obat Jamur Scabies Untuk Kucing Anjing Minyak VCO Virgin Coconut Oil",
    "price_raw":"Rp12.558",
    "price_clean":12558.0,
    "shop_name":"RUMINESIA",
    "sold_count_raw":"80+ terjual",
    "sold_count_clean":80.0,
    "product_url":"https:\/\/www.tokopedia.com\/ruminesia\/peto-vco-100ml-pour-on-obat-jamur-scabies-untuk-kucing-anjing-minyak-vco-virgin-coconut-oil?extParam=ivf%3Dfalse%26keyword%3Dvirgin+coconut+oil%26src%3Dsearch",
    "search_query":"virgin coconut oil",
    "weight_kg":0.1,
    "price_per_kg":125580.0,
    "0":"umum",
    "1":"vco"
  },
  {
    "_id":{
      "$oid":"68491d167013c07662ad9086"
    },
    "timestamp_scrape":"2025-06-11T12:22:34.283133",
    "ecommerce":"Tokopedia",
    "product_name":"Extra Virgin Coconut Oil VCO 500ml Orivo Minyak Kelapa Murni 100%",
    "price_raw":"Rp63.000",
    "price_clean":63000.0,
    "shop_name":"Bukit Herbal",
    "sold_count_raw":"9 terjual",
    "sold_count_clean":9.0,
    "product_url":"https:\/\/www.tokopedia.com\/bukitherbal01\/extra-virgin-coconut-oil-vco-500ml-orivo-minyak-kelapa-murni-100?extParam=ivf%3Dfalse%26keyword%3Dvirgin+coconut+oil%26src%3Dsearch",
    "search_query":"virgin coconut oil",
    "weight_kg":0.5,
    "price_per_kg":126000.0,
    "0":"umum",
    "1":"lain"
  },
  {
    "_id":{
      "$oid":"68491d167013c07662ad9087"
    },
    "timestamp_scrape":"2025-06-11T12:22:34.868313",
    "ecommerce":"Tokopedia",
    "product_name":"Bali Pure Virgin Coconut Oil 250ml",
    "price_raw":"Rp87.000",
    "price_clean":87000.0,
    "shop_name":"Bali Buda",
    "sold_count_raw":"17 terjual",
    "sold_count_clean":17.0,
    "product_url":"https:\/\/www.tokopedia.com\/balibudalife\/bali-pure-virgin-coconut-oil-250ml?extParam=ivf%3Dfalse%26keyword%3Dvirgin+coconut+oil%26src%3Dsearch",
    "search_query":"virgin coconut oil",
    "weight_kg":0.25,
    "price_per_kg":348000.0,
    "0":"umum",
    "1":"evco"
  },
  {
    "_id":{
      "$oid":"68491d167013c07662ad9088"
    },
    "timestamp_scrape":"2025-06-11T12:22:35.458726",
    "ecommerce":"Tokopedia",
    "product_name":"VCO 100 ml Al Fatih Minyak Kelapa Murni Virgin Coconut Oil",
    "price_raw":"Rp19.000",
    "price_clean":19000.0,
    "shop_name":"Kerajaan Herbal",
    "sold_count_raw":"16 terjual",
    "sold_count_clean":16.0,
    "product_url":"https:\/\/www.tokopedia.com\/kerajaanherbal\/vco-100-ml-al-fatih-minyak-kelapa-murni-virgin-coconut-oil?extParam=ivf%3Dfalse%26keyword%3Dvirgin+coconut+oil%26src%3Dsearch",
    "search_query":"virgin coconut oil",
    "weight_kg":0.1,
    "price_per_kg":190000.0,
    "0":"hewan",
    "1":"vco"
  },
  {
    "_id":{
      "$oid":"68491d167013c07662ad9089"
    },
    "timestamp_scrape":"2025-06-11T12:22:36.086153",
    "ecommerce":"Tokopedia",
    "product_name":"Virgin Coconut Oil EVCO The Gardjito",
    "price_raw":"Rp60.000",
    "price_clean":60000.0,
    "shop_name":"CocoManise",
    "sold_count_raw":"100+ terjual",
    "sold_count_clean":100.0,
    "product_url":"https:\/\/www.tokopedia.com\/cocomanise\/virgin-coconut-oil-evco-the-gardjito?extParam=ivf%3Dfalse%26keyword%3Dvirgin+coconut+oil%26src%3Dsearch",
    "search_query":"virgin coconut oil",
    "weight_kg":null,
    "price_per_kg":null,
    "0":"hewan",
    "1":"lain"
  },
  {
    "_id":{
      "$oid":"68491d167013c07662ad908a"
    },
    "timestamp_scrape":"2025-06-11T12:22:36.691950",
    "ecommerce":"Tokopedia",
    "product_name":"virgin coconut oil isi 100 ml \/ VCO",
    "price_raw":"Rp20.000",
    "price_clean":20000.0,
    "shop_name":"Dwi Mandiri Kimia",
    "sold_count_raw":"4 terjual",
    "sold_count_clean":4.0,
    "product_url":"https:\/\/www.tokopedia.com\/dmktgr\/virgin-coconut-oil-isi-100-ml-vco-1730950410861905759?extParam=ivf%3Dfalse%26keyword%3Dvirgin+coconut+oil%26src%3Dsearch",
    "search_query":"virgin coconut oil",
    "weight_kg":0.1,
    "price_per_kg":200000.0,
    "0":"umum",
    "1":"vco"
  },
  {
    "_id":{
      "$oid":"68491d167013c07662ad908b"
    },
    "timestamp_scrape":"2025-06-11T12:22:37.277319",
    "ecommerce":"Tokopedia",
    "product_name":"Raffs Pet Vco Virgin Coconut Oil Kucing Dan Anjing 60ml",
    "price_raw":"Rp17.900",
    "price_clean":17900.0,
    "shop_name":"BUKA PETSHOP",
    "sold_count_raw":"5 terjual",
    "sold_count_clean":5.0,
    "product_url":"https:\/\/www.tokopedia.com\/bukapetshop\/raffs-pet-vco-virgin-coconut-oil-kucing-dan-anjing-60ml?extParam=ivf%3Dfalse%26keyword%3Dvirgin+coconut+oil%26src%3Dsearch",
    "search_query":"virgin coconut oil",
    "weight_kg":0.06,
    "price_per_kg":298333.3333333334,
    "0":"umum",
    "1":"vco"
  },
  {
    "_id":{
      "$oid":"68491d167013c07662ad908e"
    },
    "timestamp_scrape":"2025-06-11T12:23:04.398329",
    "ecommerce":"Tokopedia",
    "product_name":"VCO Purecoco Virgin Coconut Oil Minyak Kelapa",
    "price_raw":"Rp110.000",
    "price_clean":110000.0,
    "shop_name":"Kios Latifah",
    "sold_count_raw":"30+ terjual",
    "sold_count_clean":30.0,
    "product_url":"https:\/\/www.tokopedia.com\/kioslatifah\/vco-purecoco-virgin-coconut-oil-minyak-kelapa?extParam=ivf%3Dfalse%26keyword%3Dvirgin+coconut+oil%26src%3Dsearch",
    "search_query":"virgin coconut oil",
    "weight_kg":null,
    "price_per_kg":null,
    "0":"umum",
    "1":"vco"
  },
  {
    "_id":{
      "$oid":"68491d167013c07662ad908f"
    },
    "timestamp_scrape":"2025-06-11T12:23:04.988455",
    "ecommerce":"Tokopedia",
    "product_name":"Extra Virgin Coconut Oil EVCO 250ml \/Ekstrak Minyak Kelapa VCO Murni Asli Tanpa Campuran",
    "price_raw":"Rp38.999",
    "price_clean":38999.0,
    "shop_name":"mybooster",
    "sold_count_raw":"17 terjual",
    "sold_count_clean":17.0,
    "product_url":"https:\/\/www.tokopedia.com\/mybooster\/extra-virgin-coconut-oil-evco-250ml-ekstrak-minyak-kelapa-vco-murni-asli-tanpa-campuran-1730789777111680611?extParam=ivf%3Dfalse%26keyword%3Dvirgin+coconut+oil%26src%3Dsearch",
    "search_query":"virgin coconut oil",
    "weight_kg":0.25,
    "price_per_kg":155996.0,
    "0":"umum",
    "1":"vco"
  },
  {
    "_id":{
      "$oid":"68491d167013c07662ad9090"
    },
    "timestamp_scrape":"2025-06-11T12:23:05.571663",
    "ecommerce":"Tokopedia",
    "product_name":"VCO Virgin Coconut Oil SR12 Minyak Kelapa Murni Booster Suplemen Kesehatan",
    "price_raw":"Rp34.500",
    "price_clean":34500.0,
    "shop_name":"Auliya.Skincare",
    "sold_count_raw":"7 terjual",
    "sold_count_clean":7.0,
    "product_url":"https:\/\/www.tokopedia.com\/auliyaskincare-277\/vco-virgin-coconut-oil-sr12-minyak-kelapa-murni-booster-suplemen-kesehatan-1730639292565652627?extParam=ivf%3Dfalse%26keyword%3Dvirgin+coconut+oil%26src%3Dsearch",
    "search_query":"virgin coconut oil",
    "weight_kg":null,
    "price_per_kg":null,
    "0":"umum",
    "1":"vco"
  },
  {
    "_id":{
      "$oid":"68491d167013c07662ad9091"
    },
    "timestamp_scrape":"2025-06-11T12:23:06.195202",
    "ecommerce":"Tokopedia",
    "product_name":"vco virgin coconut oil bali",
    "price_raw":"Rp99.000",
    "price_clean":99000.0,
    "shop_name":"Cisitu Indah Club",
    "sold_count_raw":"60+ terjual",
    "sold_count_clean":60.0,
    "product_url":"https:\/\/www.tokopedia.com\/cisituindahclub\/vco-virgin-coconut-oil-bali-250-ml?extParam=ivf%3Dfalse%26keyword%3Dvirgin+coconut+oil%26src%3Dsearch",
    "search_query":"virgin coconut oil",
    "weight_kg":null,
    "price_per_kg":null,
    "0":"umum",
    "1":"vco"
  },
  {
    "_id":{
      "$oid":"68491d167013c07662ad9092"
    },
    "timestamp_scrape":"2025-06-11T12:23:06.785832",
    "ecommerce":"Tokopedia",
    "product_name":"VCO 500 ml Virgin Coconut Oil Minyak Kelapa Murni",
    "price_raw":"Rp68.500",
    "price_clean":68500.0,
    "shop_name":"Hamzahstr_NEW",
    "sold_count_raw":"12 terjual",
    "sold_count_clean":12.0,
    "product_url":"https:\/\/www.tokopedia.com\/hamzahshops-1\/vco-500-ml-virgin-coconut-oil-minyak-kelapa-murni?extParam=ivf%3Dfalse%26keyword%3Dvirgin+coconut+oil%26src%3Dsearch",
    "search_query":"virgin coconut oil",
    "weight_kg":0.5,
    "price_per_kg":137000.0,
    "0":"umum",
    "1":"lain"
  },
  {
    "_id":{
      "$oid":"68491d167013c07662ad9093"
    },
    "timestamp_scrape":"2025-06-11T12:23:07.373074",
    "ecommerce":"Tokopedia",
    "product_name":"Minyak VCO Hewan 80ml Virgin coconut oil kucing anjing kelinci musang",
    "price_raw":"Rp36.000",
    "price_clean":36000.0,
    "shop_name":"DIAKONI Petshop",
    "sold_count_raw":"100+ terjual",
    "sold_count_clean":100.0,
    "product_url":"https:\/\/www.tokopedia.com\/diakonipetshop\/minyak-vco-hewan-80ml-virgin-coconut-oil-kucing-anjing-kelinci-musang?extParam=ivf%3Dfalse%26keyword%3Dvirgin+coconut+oil%26src%3Dsearch",
    "search_query":"virgin coconut oil",
    "weight_kg":0.08,
    "price_per_kg":450000.0,
    "0":"hewan",
    "1":"vco"
  },
  {
    "_id":{
      "$oid":"68491d167013c07662ad9094"
    },
    "timestamp_scrape":"2025-06-11T12:23:07.961831",
    "ecommerce":"Tokopedia",
    "product_name":"Alchemist Oil (Virgin Coconut Oil - VCO) RK GKY Kediri, Alami 100 ml",
    "price_raw":"Rp235.000",
    "price_clean":235000.0,
    "shop_name":"SeKaRaBa",
    "sold_count_raw":"24 terjual",
    "sold_count_clean":24.0,
    "product_url":"https:\/\/www.tokopedia.com\/sekaraba\/alchemist-oil-virgin-coconut-oil-vco-rk-gky-kediri?extParam=ivf%3Dfalse%26keyword%3Dvirgin+coconut+oil%26src%3Dsearch",
    "search_query":"virgin coconut oil",
    "weight_kg":0.1,
    "price_per_kg":2350000.0,
    "0":"umum",
    "1":"lain"
  },
  {
    "_id":{
      "$oid":"68491d167013c07662ad9095"
    },
    "timestamp_scrape":"2025-06-11T12:23:08.556412",
    "ecommerce":"Tokopedia",
    "product_name":"Virgin Coconut Oil 30ml Minyak Kelapa VCO Kucing Anjing Hewan Peliharaan 100%",
    "price_raw":"Rp14.500",
    "price_clean":14500.0,
    "shop_name":"BonBon.Petshop",
    "sold_count_raw":"100+ terjual",
    "sold_count_clean":100.0,
    "product_url":"https:\/\/www.tokopedia.com\/bonbonpets\/virgin-coconut-oil-30ml-minyak-kelapa-vco-100-kucing-anjing-hewan?extParam=ivf%3Dfalse%26keyword%3Dvirgin+coconut+oil%26src%3Dsearch",
    "search_query":"virgin coconut oil",
    "weight_kg":0.03,
    "price_per_kg":483333.3333333334,
    "0":"umum",
    "1":"evco"
  },
  {
    "_id":{
      "$oid":"68491d167013c07662ad9096"
    },
    "timestamp_scrape":"2025-06-11T12:23:09.145280",
    "ecommerce":"Tokopedia",
    "product_name":"VCO EXTRA VIRGIN COCONUT OIL 1000 ML | VICO 100% MINYAK KELAPA MURNI",
    "price_raw":"Rp150.000",
    "price_clean":150000.0,
    "shop_name":"RII Herbal",
    "sold_count_raw":"4 terjual",
    "sold_count_clean":4.0,
    "product_url":"https:\/\/www.tokopedia.com\/ainayyastore\/vco-extra-virgin-coconut-oil-1000-ml-vico-100-minyak-kelapa-murni?extParam=ivf%3Dfalse%26keyword%3Dvirgin+coconut+oil%26src%3Dsearch",
    "search_query":"virgin coconut oil",
    "weight_kg":1.0,
    "price_per_kg":150000.0,
    "0":"umum",
    "1":"lain"
  },
  {
    "_id":{
      "$oid":"68491d167013c07662ad9097"
    },
    "timestamp_scrape":"2025-06-11T12:23:09.735277",
    "ecommerce":"Tokopedia",
    "product_name":"DOG APPETIT VIRGIN COCONUT OIL- minyak kelapa murni segar anjing kuling",
    "price_raw":"Rp27.000",
    "price_clean":27000.0,
    "shop_name":"South Corner Goods",
    "sold_count_raw":"3 terjual",
    "sold_count_clean":3.0,
    "product_url":"https:\/\/www.tokopedia.com\/southcornergoods\/dog-appetit-virgin-coconut-oil-minyak-kelapa-murni-segar-anjing-kuling?extParam=ivf%3Dfalse%26keyword%3Dvirgin+coconut+oil%26src%3Dsearch",
    "search_query":"virgin coconut oil",
    "weight_kg":null,
    "price_per_kg":null,
    "0":"umum",
    "1":"vco"
  },
  {
    "_id":{
      "$oid":"68491d167013c07662ad9098"
    },
    "timestamp_scrape":"2025-06-11T12:23:10.325702",
    "ecommerce":"Tokopedia",
    "product_name":"Minyak Kelapa Virgin Coconut Oil VCO - Pure Unrefined 100% Cocomint",
    "price_raw":"Rp75.000",
    "price_clean":75000.0,
    "shop_name":"Cocomint Indonesia",
    "sold_count_raw":"100+ terjual",
    "sold_count_clean":100.0,
    "product_url":"https:\/\/www.tokopedia.com\/cocomintid\/minyak-kelapa-virgin-coconut-oil-vco-pure-unrefined-100-cocomint?extParam=ivf%3Dfalse%26keyword%3Dvirgin+coconut+oil%26src%3Dsearch",
    "search_query":"virgin coconut oil",
    "weight_kg":null,
    "price_per_kg":null,
    "0":"umum",
    "1":"vco"
  },
  {
    "_id":{
      "$oid":"68491d167013c07662ad909b"
    },
    "timestamp_scrape":"2025-06-11T12:23:36.933434",
    "ecommerce":"Tokopedia",
    "product_name":"VCO Kucing Perawatan Bulu Virgin Coconut Oil Jamur Cacingan Scabies",
    "price_raw":"Rp12.500",
    "price_clean":12500.0,
    "shop_name":"CAT-JAKARTA",
    "sold_count_raw":"26 terjual",
    "sold_count_clean":26.0,
    "product_url":"https:\/\/www.tokopedia.com\/cat-jakarta\/vco-kucing-perawatan-bulu-virgin-coconut-oil-jamur-cacingan-scabies?extParam=ivf%3Dfalse%26keyword%3Dvirgin+coconut+oil%26src%3Dsearch",
    "search_query":"virgin coconut oil",
    "weight_kg":null,
    "price_per_kg":null,
    "0":"umum",
    "1":"vco"
  },
  {
    "_id":{
      "$oid":"68491d167013c07662ad909c"
    },
    "timestamp_scrape":"2025-06-11T12:23:37.517862",
    "ecommerce":"Tokopedia",
    "product_name":"PROMO! Paket Virgin Coconut Oil be Nevicio FREE Sabun",
    "price_raw":"Rp120.000",
    "price_clean":120000.0,
    "shop_name":"VCO Nucifera Alam Indonesia",
    "sold_count_raw":"25 terjual",
    "sold_count_clean":25.0,
    "product_url":"https:\/\/www.tokopedia.com\/nucifera\/promo-paket-virgin-coconut-oil-be-nevicio-free-sabun?extParam=ivf%3Dfalse%26keyword%3Dvirgin+coconut+oil%26src%3Dsearch",
    "search_query":"virgin coconut oil",
    "weight_kg":null,
    "price_per_kg":null,
    "0":"umum",
    "1":"lain"
  },
  {
    "_id":{
      "$oid":"68491d167013c07662ad909d"
    },
    "timestamp_scrape":"2025-06-11T12:23:38.103958",
    "ecommerce":"Tokopedia",
    "product_name":"VCO Virgin Coconut Oil Minyak Kelapa Organik Gholiban 125 ml",
    "price_raw":"Rp17.500",
    "price_clean":17500.0,
    "shop_name":"wahono herbal",
    "sold_count_raw":"9 terjual",
    "sold_count_clean":9.0,
    "product_url":"https:\/\/www.tokopedia.com\/wahanaherbal\/vco-virgin-coconut-oil-minyak-kelapa-organik-gholiban-125-ml?extParam=ivf%3Dfalse%26keyword%3Dvirgin+coconut+oil%26src%3Dsearch",
    "search_query":"virgin coconut oil",
    "weight_kg":0.125,
    "price_per_kg":140000.0,
    "0":"umum",
    "1":"lain"
  },
  {
    "_id":{
      "$oid":"68491d167013c07662ad909e"
    },
    "timestamp_scrape":"2025-06-11T12:23:38.696690",
    "ecommerce":"Tokopedia",
    "product_name":"[61] Virgin coconut oil anjing kucing botol pump vco dog cat pet untuk bulu - Warna",
    "price_raw":"Rp37.199",
    "price_clean":37199.0,
    "shop_name":"The Nita's Gallery 05",
    "sold_count_raw":"12 terjual",
    "sold_count_clean":12.0,
    "product_url":"https:\/\/www.tokopedia.com\/thenitas05\/61-virgin-coconut-oil-anjing-kucing-botol-pump-vco-dog-cat-pet-untuk-bulu-warna-1731215991336109452?extParam=ivf%3Dfalse%26keyword%3Dvirgin+coconut+oil%26src%3Dsearch",
    "search_query":"virgin coconut oil",
    "weight_kg":null,
    "price_per_kg":null,
    "0":"umum",
    "1":"lain"
  },
  {
    "_id":{
      "$oid":"68491d167013c07662ad909f"
    },
    "timestamp_scrape":"2025-06-11T12:23:39.288527",
    "ecommerce":"Tokopedia",
    "product_name":"VCO Bariklana Minyak Kelapa Grade A isi 100ml Extra Virgin Coconut Oil",
    "price_raw":"Rp38.000",
    "price_clean":38000.0,
    "shop_name":"Armaghan Herba",
    "sold_count_raw":"8 terjual",
    "sold_count_clean":8.0,
    "product_url":"https:\/\/www.tokopedia.com\/armaghan-herba\/vco-bariklana-minyak-kelapa-grade-a-isi-100ml-extra-virgin-coconut-oil-1730615760760767590?extParam=ivf%3Dfalse%26keyword%3Dvirgin+coconut+oil%26src%3Dsearch",
    "search_query":"virgin coconut oil",
    "weight_kg":0.1,
    "price_per_kg":380000.0,
    "0":"umum",
    "1":"lain"
  },
  {
    "_id":{
      "$oid":"68491d167013c07662ad90a0"
    },
    "timestamp_scrape":"2025-06-11T12:23:39.875322",
    "ecommerce":"Tokopedia",
    "product_name":"Minyak Kelapa Murni MCT VCO Virgin Coconut Oil Original Diet - 400ml",
    "price_raw":"Rp75.000",
    "price_clean":75000.0,
    "shop_name":"Cocomint Indonesia",
    "sold_count_raw":"100+ terjual",
    "sold_count_clean":100.0,
    "product_url":"https:\/\/www.tokopedia.com\/cocomintid\/minyak-kelapa-murni-mct-vco-virgin-coconut-oil-original-diet-400ml?extParam=ivf%3Dfalse%26keyword%3Dvirgin+coconut+oil%26src%3Dsearch",
    "search_query":"virgin coconut oil",
    "weight_kg":0.4,
    "price_per_kg":187500.0,
    "0":"umum",
    "1":"vco"
  },
  {
    "_id":{
      "$oid":"68491d167013c07662ad90a1"
    },
    "timestamp_scrape":"2025-06-11T12:23:40.465673",
    "ecommerce":"Tokopedia",
    "product_name":"Kapsul VCO Virgin Coconut Oil Toga Nusantara 70 kpsl",
    "price_raw":"Rp39.000",
    "price_clean":39000.0,
    "shop_name":"NabKa store",
    "sold_count_raw":"28 terjual",
    "sold_count_clean":28.0,
    "product_url":"https:\/\/www.tokopedia.com\/pembalutherbalam\/kapsul-vco-virgin-coconut-oil-toga-nusantara-70-kpsl?extParam=ivf%3Dfalse%26keyword%3Dvirgin+coconut+oil%26src%3Dsearch",
    "search_query":"virgin coconut oil",
    "weight_kg":null,
    "price_per_kg":null,
    "0":"umum",
    "1":"vco"
  },
  {
    "_id":{
      "$oid":"68491d167013c07662ad90a2"
    },
    "timestamp_scrape":"2025-06-11T12:23:41.053515",
    "ecommerce":"Tokopedia",
    "product_name":"VCO virgin coconut oil 100 capsule Syifa Asli Original 100%",
    "price_raw":"Rp35.000",
    "price_clean":35000.0,
    "shop_name":"RUMAH HERBAL NABAWI OFFICIAL",
    "sold_count_raw":"19 terjual",
    "sold_count_clean":19.0,
    "product_url":"https:\/\/www.tokopedia.com\/rumahherbal1\/vco-virgin-coconut-oil-100-capsule-syifa-asli-original-100-vco-125ml?extParam=ivf%3Dfalse%26keyword%3Dvirgin+coconut+oil%26src%3Dsearch",
    "search_query":"virgin coconut oil",
    "weight_kg":null,
    "price_per_kg":null,
    "0":"umum",
    "1":"vco"
  },
  {
    "_id":{
      "$oid":"68491d167013c07662ad90a3"
    },
    "timestamp_scrape":"2025-06-11T12:23:41.638514",
    "ecommerce":"Tokopedia",
    "product_name":"VCO | Virgin Coconut Oil 250 ml – Minyak kelapa Murni",
    "price_raw":"Rp50.000",
    "price_clean":50000.0,
    "shop_name":"Hannahstr",
    "sold_count_raw":"500+ terjual",
    "sold_count_clean":500.0,
    "product_url":"https:\/\/www.tokopedia.com\/hannahstoreofficial\/vco-virgin-coconut-oil-250-ml-minyak-kelapa-murni?extParam=ivf%3Dfalse%26keyword%3Dvirgin+coconut+oil%26src%3Dsearch",
    "search_query":"virgin coconut oil",
    "weight_kg":0.25,
    "price_per_kg":200000.0,
    "0":"umum",
    "1":"vco"
  },
  {
    "_id":{
      "$oid":"68491d167013c07662ad90a4"
    },
    "timestamp_scrape":"2025-06-11T12:23:42.231942",
    "ecommerce":"Tokopedia",
    "product_name":"NOVAMOS Minyak VCO Virgin Coconut Oil Kucing dan Anjing 50 ML",
    "price_raw":"Rp21.900",
    "price_clean":21900.0,
    "shop_name":"Olga Cat Mansion",
    "sold_count_raw":"12 terjual",
    "sold_count_clean":12.0,
    "product_url":"https:\/\/www.tokopedia.com\/olgacatmansion\/novamos-minyak-vco-virgin-coconut-oil-kucing-dan-anjing-50-ml?extParam=ivf%3Dfalse%26keyword%3Dvirgin+coconut+oil%26src%3Dsearch",
    "search_query":"virgin coconut oil",
    "weight_kg":0.05,
    "price_per_kg":438000.0,
    "0":"umum",
    "1":"vco"
  },
  {
    "_id":{
      "$oid":"68491d167013c07662ad90a5"
    },
    "timestamp_scrape":"2025-06-11T12:23:42.817601",
    "ecommerce":"Tokopedia",
    "product_name":"Virgin Coconut Oil \/ Minyak Kelapa Murni VCO",
    "price_raw":"Rp98.000",
    "price_clean":98000.0,
    "shop_name":"Serambi Botani_NEW",
    "sold_count_raw":"7 terjual",
    "sold_count_clean":7.0,
    "product_url":"https:\/\/www.tokopedia.com\/serambibotani\/virgin-coconut-oil-minyak-kelapa-murni-vco-250ml-4fba1?extParam=ivf%3Dfalse%26keyword%3Dvirgin+coconut+oil%26src%3Dsearch",
    "search_query":"virgin coconut oil",
    "weight_kg":null,
    "price_per_kg":null,
    "0":"umum",
    "1":"vco"
  },
  {
    "_id":{
      "$oid":"68491d167013c07662ad90a8"
    },
    "timestamp_scrape":"2025-06-11T12:24:14.497353",
    "ecommerce":"Tokopedia",
    "product_name":"Dr Gram Raw Organic Extra Virgin Coconut Oil Singapore",
    "price_raw":"Rp450.000",
    "price_clean":450000.0,
    "shop_name":"Ramss2",
    "sold_count_raw":"21 terjual",
    "sold_count_clean":21.0,
    "product_url":"https:\/\/www.tokopedia.com\/ramss2\/dr-gram-raw-organic-extra-virgin-coconut-oil-singapore?extParam=ivf%3Dfalse%26keyword%3Dvirgin+coconut+oil%26src%3Dsearch",
    "search_query":"virgin coconut oil",
    "weight_kg":null,
    "price_per_kg":null,
    "0":"umum",
    "1":"vco"
  },
  {
    "_id":{
      "$oid":"68491d167013c07662ad90a9"
    },
    "timestamp_scrape":"2025-06-11T12:24:15.094132",
    "ecommerce":"Tokopedia",
    "product_name":"Virgin Coconut Oil Ikan Dorang 250ml",
    "price_raw":"Rp73.999",
    "price_clean":73999.0,
    "shop_name":"Hadinatha Store",
    "sold_count_raw":"5 terjual",
    "sold_count_clean":5.0,
    "product_url":"https:\/\/www.tokopedia.com\/hadinathastore\/virgin-coconut-oil-ikan-dorang-250ml?extParam=ivf%3Dfalse%26keyword%3Dvirgin+coconut+oil%26src%3Dsearch",
    "search_query":"virgin coconut oil",
    "weight_kg":0.25,
    "price_per_kg":295996.0,
    "0":"umum",
    "1":"vco"
  },
  {
    "_id":{
      "$oid":"68491d167013c07662ad90aa"
    },
    "timestamp_scrape":"2025-06-11T12:24:15.684034",
    "ecommerce":"Tokopedia",
    "product_name":"TruOrganic Extra Virgin Coconut Oil 100ml - Minyak Kelapa Asli Premium | VCO",
    "price_raw":"Rp22.500",
    "price_clean":22500.0,
    "shop_name":"HealBeau Store",
    "sold_count_raw":"7 terjual",
    "sold_count_clean":7.0,
    "product_url":"https:\/\/www.tokopedia.com\/healbeau\/truorganic-extra-virgin-coconut-oil-100ml-minyak-kelapa-asli-premium-vco-botol-cap-283ab?extParam=ivf%3Dtrue%26keyword%3Dvirgin+coconut+oil%26src%3Dsearch",
    "search_query":"virgin coconut oil",
    "weight_kg":0.1,
    "price_per_kg":225000.0,
    "0":"umum",
    "1":"vco"
  },
  {
    "_id":{
      "$oid":"68491d167013c07662ad90ab"
    },
    "timestamp_scrape":"2025-06-11T12:24:16.274010",
    "ecommerce":"Tokopedia",
    "product_name":"Nature's Way Coconut Oil Organic Extra Virgin",
    "price_raw":"Rp370.000",
    "price_clean":370000.0,
    "shop_name":"Ori-organic",
    "sold_count_raw":"20 terjual",
    "sold_count_clean":20.0,
    "product_url":"https:\/\/www.tokopedia.com\/ori-organic\/nature-s-way-coconut-oil-organic-extra-virgin?extParam=ivf%3Dfalse%26keyword%3Dvirgin+coconut+oil%26src%3Dsearch",
    "search_query":"virgin coconut oil",
    "weight_kg":null,
    "price_per_kg":null,
    "0":"hewan",
    "1":"vco"
  },
  {
    "_id":{
      "$oid":"68491d167013c07662ad90ac"
    },
    "timestamp_scrape":"2025-06-11T12:24:16.853609",
    "ecommerce":"Tokopedia",
    "product_name":"Extra Virgin Coconut Oil 100ml Benjamin's Bakehouse Kelapa Minyak EVCO",
    "price_raw":"Rp55.000",
    "price_clean":55000.0,
    "shop_name":"Benjamin's Bakehouse",
    "sold_count_raw":"12 terjual",
    "sold_count_clean":12.0,
    "product_url":"https:\/\/www.tokopedia.com\/benjaminsbakehouse\/extra-virgin-coconut-oil-100ml-benjamin-s-bakehouse-kelapa-minyak-evco?extParam=ivf%3Dfalse%26keyword%3Dvirgin+coconut+oil%26src%3Dsearch",
    "search_query":"virgin coconut oil",
    "weight_kg":0.1,
    "price_per_kg":550000.0,
    "0":"hewan",
    "1":"vco"
  },
  {
    "_id":{
      "$oid":"68491d167013c07662ad90ad"
    },
    "timestamp_scrape":"2025-06-11T12:24:17.440828",
    "ecommerce":"Tokopedia",
    "product_name":"Premium VCO Virgin Coconut Oil vitamin anjing kucing 100 ml",
    "price_raw":"Rp20.000",
    "price_clean":20000.0,
    "shop_name":"pawfresh",
    "sold_count_raw":"11 terjual",
    "sold_count_clean":11.0,
    "product_url":"https:\/\/www.tokopedia.com\/pawfresh\/premium-vco-virgin-coconut-oil-vitamin-anjing-kucing-100-ml-1730821019501430478?extParam=ivf%3Dfalse%26keyword%3Dvirgin+coconut+oil%26src%3Dsearch",
    "search_query":"virgin coconut oil",
    "weight_kg":0.1,
    "price_per_kg":200000.0,
    "0":"umum",
    "1":"evco"
  },
  {
    "_id":{
      "$oid":"68491d167013c07662ad90ae"
    },
    "timestamp_scrape":"2025-06-11T12:24:18.030100",
    "ecommerce":"Tokopedia",
    "product_name":"Benjamin’s bake house virgin coconut oil minyak kelapa anjing kucing",
    "price_raw":"Rp35.000",
    "price_clean":35000.0,
    "shop_name":"kartikapets_NEW",
    "sold_count_raw":"3 terjual",
    "sold_count_clean":3.0,
    "product_url":"https:\/\/www.tokopedia.com\/shopaveline\/benjamin-s-bake-house-virgin-coconut-oil-minyak-kelapa-anjing-kucing-30ml-b8e04?extParam=ivf%3Dfalse%26keyword%3Dvirgin+coconut+oil%26src%3Dsearch",
    "search_query":"virgin coconut oil",
    "weight_kg":null,
    "price_per_kg":null,
    "0":"umum",
    "1":"vco"
  },
  {
    "_id":{
      "$oid":"68491d167013c07662ad90af"
    },
    "timestamp_scrape":"2025-06-11T12:24:18.617124",
    "ecommerce":"Tokopedia",
    "product_name":"VCO MOORNIE | Virgin Coconut Oil | Minyak Kelapa Murni Membantu Memelihara Kesehatan Tubuh Halal BPOM Original 100%",
    "price_raw":"Rp55.000",
    "price_clean":55000.0,
    "shop_name":"Alfatih Herbal 99",
    "sold_count_raw":"1 terjual",
    "sold_count_clean":1.0,
    "product_url":"https:\/\/www.tokopedia.com\/alfatihherbal99\/vco-moornie-virgin-coconut-oil-minyak-kelapa-murni-membantu-memelihara-kesehatan-tubuh-halal-bpom-original-100-1730994090123888501?extParam=ivf%3Dfalse%26keyword%3Dvirgin+coconut+oil%26src%3Dsearch",
    "search_query":"virgin coconut oil",
    "weight_kg":null,
    "price_per_kg":null,
    "0":"hewan",
    "1":"vco"
  },
  {
    "_id":{
      "$oid":"68491d167013c07662ad90b0"
    },
    "timestamp_scrape":"2025-06-11T12:24:19.203049",
    "ecommerce":"Tokopedia",
    "product_name":"POPCORN VCO VIRGIN COCONUT OIL SEHAT",
    "price_raw":"Rp10.000",
    "price_clean":10000.0,
    "shop_name":"fathamster",
    "sold_count_raw":"80+ terjual",
    "sold_count_clean":80.0,
    "product_url":"https:\/\/www.tokopedia.com\/fathamster\/popcorn-vco-virgin-coconut-oil-sehat?extParam=ivf%3Dfalse%26keyword%3Dvirgin+coconut+oil%26src%3Dsearch",
    "search_query":"virgin coconut oil",
    "weight_kg":null,
    "price_per_kg":null,
    "0":"umum",
    "1":"vco"
  },
  {
    "_id":{
      "$oid":"68491d167013c07662ad90b1"
    },
    "timestamp_scrape":"2025-06-11T12:24:19.790304",
    "ecommerce":"Tokopedia",
    "product_name":"Ratu Lebah VCO Tunas Bening (Virgin Coconut Oil) 120ml [3 Botol]",
    "price_raw":"Rp76.450",
    "price_clean":76450.0,
    "shop_name":"Ratu Lebah Official Shop",
    "sold_count_raw":"100+ terjual",
    "sold_count_clean":100.0,
    "product_url":"https:\/\/www.tokopedia.com\/ratulebahofficial\/ratu-lebah-vco-tunas-bening-virgin-coconut-oil-120ml-3-botol?extParam=ivf%3Dfalse%26keyword%3Dvirgin+coconut+oil%26src%3Dsearch",
    "search_query":"virgin coconut oil",
    "weight_kg":0.12,
    "price_per_kg":637083.3333333334,
    "0":"umum",
    "1":"vco"
  },
  {
    "_id":{
      "$oid":"68491d167013c07662ad90b2"
    },
    "timestamp_scrape":"2025-06-11T12:24:20.379598",
    "ecommerce":"Tokopedia",
    "product_name":"Savico ORI Virgin Coconut Oil Organik Sagha VCO 250ml",
    "price_raw":"Rp123.000",
    "price_clean":123000.0,
    "shop_name":"sagha store_NEW",
    "sold_count_raw":"60+ terjual",
    "sold_count_clean":60.0,
    "product_url":"https:\/\/www.tokopedia.com\/saghastore\/savico-ori-virgin-coconut-oil-organik-sagha-vco-250ml-1729583381990181545?extParam=ivf%3Dfalse%26keyword%3Dvirgin+coconut+oil%26src%3Dsearch",
    "search_query":"virgin coconut oil",
    "weight_kg":0.25,
    "price_per_kg":492000.0,
    "0":"umum",
    "1":"vco"
  },
  {
    "_id":{
      "$oid":"68491d167013c07662ad90b5"
    },
    "timestamp_scrape":"2025-06-11T12:24:46.841158",
    "ecommerce":"Tokopedia",
    "product_name":"Minyak Kelapa VCO Extra Virgin Coconut Oil Concos 100 ml 250 ml",
    "price_raw":"Rp59.900",
    "price_clean":59900.0,
    "shop_name":"CocoonBabyShop",
    "sold_count_raw":"1 terjual",
    "sold_count_clean":1.0,
    "product_url":"https:\/\/www.tokopedia.com\/cocoonbabyshop\/minyak-kelapa-vco-extra-virgin-coconut-oil-concos-100-ml-250-ml-250ml-d6aa4?extParam=ivf%3Dfalse%26keyword%3Dvirgin+coconut+oil%26src%3Dsearch",
    "search_query":"virgin coconut oil",
    "weight_kg":0.1,
    "price_per_kg":599000.0,
    "0":"umum",
    "1":"vco"
  },
  {
    "_id":{
      "$oid":"68491d167013c07662ad90b6"
    },
    "timestamp_scrape":"2025-06-11T12:24:47.429932",
    "ecommerce":"Tokopedia",
    "product_name":"VCO Oil SR12 Original Herbal Minyak Kelapa Virgin Coconut Oil Untuk Kecantikan dan Kesehatan",
    "price_raw":"Rp34.500",
    "price_clean":34500.0,
    "shop_name":"Nutrilemon_NEW",
    "sold_count_raw":"2 terjual",
    "sold_count_clean":2.0,
    "product_url":"https:\/\/www.tokopedia.com\/nlofficial\/vco-oil-sr12-original-herbal-minyak-kelapa-virgin-coconut-oil-untuk-kecantikan-dan-kesehatan-1730926566619972783?extParam=ivf%3Dfalse%26keyword%3Dvirgin+coconut+oil%26src%3Dsearch",
    "search_query":"virgin coconut oil",
    "weight_kg":null,
    "price_per_kg":null,
    "0":"umum",
    "1":"vco"
  },
  {
    "_id":{
      "$oid":"68491d167013c07662ad90b7"
    },
    "timestamp_scrape":"2025-06-11T12:24:48.007894",
    "ecommerce":"Tokopedia",
    "product_name":"VCO virgin coconut oil Spray 60 ml | minyak kelapa murni Alami",
    "price_raw":"Rp15.500",
    "price_clean":15500.0,
    "shop_name":"alamiindonesia",
    "sold_count_raw":"80+ terjual",
    "sold_count_clean":80.0,
    "product_url":"https:\/\/www.tokopedia.com\/alami-alam\/vco-virgin-coconut-oil-spray-60-ml-minyak-kelapa-murni-alami?extParam=ivf%3Dfalse%26keyword%3Dvirgin+coconut+oil%26src%3Dsearch",
    "search_query":"virgin coconut oil",
    "weight_kg":0.06,
    "price_per_kg":258333.3333333333,
    "0":"umum",
    "1":"lain"
  },
  {
    "_id":{
      "$oid":"68491d167013c07662ad90b8"
    },
    "timestamp_scrape":"2025-06-11T12:24:48.592302",
    "ecommerce":"Tokopedia",
    "product_name":"VCO Virgin Coconut Oil 30ml",
    "price_raw":"Rp14.000",
    "price_clean":14000.0,
    "shop_name":"Cat Mily",
    "sold_count_raw":"100+ terjual",
    "sold_count_clean":100.0,
    "product_url":"https:\/\/www.tokopedia.com\/catmily\/vco-virgin-coconut-oil-30ml?extParam=ivf%3Dfalse%26keyword%3Dvirgin+coconut+oil%26src%3Dsearch",
    "search_query":"virgin coconut oil",
    "weight_kg":0.03,
    "price_per_kg":466666.6666666667,
    "0":"umum",
    "1":"vco"
  },
  {
    "_id":{
      "$oid":"68491d167013c07662ad90b9"
    },
    "timestamp_scrape":"2025-06-11T12:24:49.177845",
    "ecommerce":"Tokopedia",
    "product_name":"Bawana Premium Virgin Coconut Oil",
    "price_raw":"Rp38.000",
    "price_clean":38000.0,
    "shop_name":"ZenCare Medical",
    "sold_count_raw":"70+ terjual",
    "sold_count_clean":70.0,
    "product_url":"https:\/\/www.tokopedia.com\/zencare\/bawana-premium-virgin-coconut-oil-90-ml-e74dc?extParam=ivf%3Dfalse%26keyword%3Dvirgin+coconut+oil%26src%3Dsearch",
    "search_query":"virgin coconut oil",
    "weight_kg":null,
    "price_per_kg":null,
    "0":"umum",
    "1":"lain"
  },
  {
    "_id":{
      "$oid":"68491d167013c07662ad90ba"
    },
    "timestamp_scrape":"2025-06-11T12:24:49.767558",
    "ecommerce":"Tokopedia",
    "product_name":"Vitamin Kucing & Anjing APET Virgin Coconut Oil (VCO) 30 ML",
    "price_raw":"Rp6.500",
    "price_clean":6500.0,
    "shop_name":"Mingo Store Bandung",
    "sold_count_raw":"1 terjual",
    "sold_count_clean":1.0,
    "product_url":"https:\/\/www.tokopedia.com\/rumahaksesorisbd\/vitamin-kucing-anjing-apet-virgin-coconut-oil-vco-30-ml?extParam=ivf%3Dfalse%26keyword%3Dvirgin+coconut+oil%26src%3Dsearch",
    "search_query":"virgin coconut oil",
    "weight_kg":0.03,
    "price_per_kg":216666.6666666667,
    "0":"umum",
    "1":"vco"
  },
  {
    "_id":{
      "$oid":"68491d167013c07662ad90bb"
    },
    "timestamp_scrape":"2025-06-11T12:24:50.370971",
    "ecommerce":"Tokopedia",
    "product_name":"Aprilia Minyak Zaitun\/Essential Oil\/extra virgin Coconut Oil 1 Liter",
    "price_raw":"Rp60.000",
    "price_clean":60000.0,
    "shop_name":"Bianca Beaute Shop",
    "sold_count_raw":"100+ terjual",
    "sold_count_clean":100.0,
    "product_url":"https:\/\/www.tokopedia.com\/biancabeautes\/aprilia-minyak-zaitun-essential-oil-extra-virgin-coconut-oil-1-liter?extParam=ivf%3Dfalse%26keyword%3Dvirgin+coconut+oil%26src%3Dsearch",
    "search_query":"virgin coconut oil",
    "weight_kg":1.0,
    "price_per_kg":60000.0,
    "0":"umum",
    "1":"vco"
  },
  {
    "_id":{
      "$oid":"68491d167013c07662ad90bc"
    },
    "timestamp_scrape":"2025-06-11T12:24:50.960747",
    "ecommerce":"Tokopedia",
    "product_name":"VICO BAGOES VCO EVCO Bagoes - Minyak kelapa Virgin coconut oil @500gr",
    "price_raw":"Rp146.000",
    "price_clean":146000.0,
    "shop_name":"lightstore1307",
    "sold_count_raw":"9 terjual",
    "sold_count_clean":9.0,
    "product_url":"https:\/\/www.tokopedia.com\/lightstore1307\/vico-bagoes-vco-evco-bagoes-minyak-kelapa-virgin-coconut-oil-500gr?extParam=ivf%3Dfalse%26keyword%3Dvirgin+coconut+oil%26src%3Dsearch",
    "search_query":"virgin coconut oil",
    "weight_kg":0.5,
    "price_per_kg":292000.0,
    "0":"hewan",
    "1":"vco"
  },
  {
    "_id":{
      "$oid":"68491d167013c07662ad90bd"
    },
    "timestamp_scrape":"2025-06-11T12:24:51.547743",
    "ecommerce":"Tokopedia",
    "product_name":"Virgin Coconut Oil 60ml Halal Tanpa Zat Kimia",
    "price_raw":"Rp17.500",
    "price_clean":17500.0,
    "shop_name":"Sipopo Essential Oil",
    "sold_count_raw":"40+ terjual",
    "sold_count_clean":40.0,
    "product_url":"https:\/\/www.tokopedia.com\/sipopoessential\/virgin-coconut-oil-60ml-halal-tanpa-zat-kimia?extParam=ivf%3Dfalse%26keyword%3Dvirgin+coconut+oil%26src%3Dsearch",
    "search_query":"virgin coconut oil",
    "weight_kg":0.06,
    "price_per_kg":291666.6666666667,
    "0":"umum",
    "1":"vco"
  },
  {
    "_id":{
      "$oid":"68491d167013c07662ad90be"
    },
    "timestamp_scrape":"2025-06-11T12:24:52.136596",
    "ecommerce":"Tokopedia",
    "product_name":"Minyak VCO Virgin Coconut Oil ALKanzu Asli 100% Murni Terlaris",
    "price_raw":"Rp49.000",
    "price_clean":49000.0,
    "shop_name":"adindastore21",
    "sold_count_raw":"1 terjual",
    "sold_count_clean":1.0,
    "product_url":"https:\/\/www.tokopedia.com\/adindastore21\/minyak-vco-virgin-coconut-oil-alkanzu-asli-100-murni-terlaris?extParam=ivf%3Dfalse%26keyword%3Dvirgin+coconut+oil%26src%3Dsearch",
    "search_query":"virgin coconut oil",
    "weight_kg":null,
    "price_per_kg":null,
    "0":"umum",
    "1":"lain"
  },
  {
    "_id":{
      "$oid":"68491d167013c07662ad90bf"
    },
    "timestamp_scrape":"2025-06-11T12:24:52.726929",
    "ecommerce":"Tokopedia",
    "product_name":"VCO JSR dr Zaidul Akbar 80 Kapsul - Virgin Coconut Oil",
    "price_raw":"Rp58.000",
    "price_clean":58000.0,
    "shop_name":"JSR Store Official",
    "sold_count_raw":"60+ terjual",
    "sold_count_clean":60.0,
    "product_url":"https:\/\/www.tokopedia.com\/jsrstoreofficial\/vco-jsr-dr-zaidul-akbar-80-kapsul-virgin-coconut-oil?extParam=ivf%3Dfalse%26keyword%3Dvirgin+coconut+oil%26src%3Dsearch",
    "search_query":"virgin coconut oil",
    "weight_kg":null,
    "price_per_kg":null,
    "0":"umum",
    "1":"vco"
  },
  {
    "_id":{
      "$oid":"68491d167013c07662ad90c2"
    },
    "timestamp_scrape":"2025-06-11T12:25:18.105486",
    "ecommerce":"Tokopedia",
    "product_name":"RASY 250ml - Minyak Kelapa Murni - VCO - Virgin Coconut Oil",
    "price_raw":"Rp64.900",
    "price_clean":64900.0,
    "shop_name":"Ratu Degan - RASY Pure Coco Official",
    "sold_count_raw":"6 terjual",
    "sold_count_clean":6.0,
    "product_url":"https:\/\/www.tokopedia.com\/ratudegan\/rasy-250ml-minyak-kelapa-murni-vco-virgin-coconut-oil?extParam=ivf%3Dfalse%26keyword%3Dvirgin+coconut+oil%26src%3Dsearch",
    "search_query":"virgin coconut oil",
    "weight_kg":0.25,
    "price_per_kg":259600.0,
    "0":"umum",
    "1":"vco"
  },
  {
    "_id":{
      "$oid":"68491d167013c07662ad90c3"
    },
    "timestamp_scrape":"2025-06-11T12:25:18.694958",
    "ecommerce":"Tokopedia",
    "product_name":"SIDOMUNCUL NATURAL VCO VIRGIN COCONUT OIL BOTOL 30 KAPSUL",
    "price_raw":"Rp111.693",
    "price_clean":111693.0,
    "shop_name":"Apotek Delta Waras",
    "sold_count_raw":"24 terjual",
    "sold_count_clean":24.0,
    "product_url":"https:\/\/www.tokopedia.com\/adeltawarasgoa\/sidomuncul-natural-vco-virgin-coconut-oil-botol-30-kapsul?extParam=ivf%3Dfalse%26keyword%3Dvirgin+coconut+oil%26src%3Dsearch",
    "search_query":"virgin coconut oil",
    "weight_kg":null,
    "price_per_kg":null,
    "0":"hewan",
    "1":"vco"
  },
  {
    "_id":{
      "$oid":"68491d167013c07662ad90c4"
    },
    "timestamp_scrape":"2025-06-11T12:25:19.288315",
    "ecommerce":"Tokopedia",
    "product_name":"Minyak Vco 500 ml - Virgin Coconut Oil",
    "price_raw":"Rp78.000",
    "price_clean":78000.0,
    "shop_name":"Benara Vco",
    "sold_count_raw":"100+ terjual",
    "sold_count_clean":100.0,
    "product_url":"https:\/\/www.tokopedia.com\/benaravco\/minyak-vco-500-ml-virgin-coconut-oil?extParam=ivf%3Dfalse%26keyword%3Dvirgin+coconut+oil%26src%3Dsearch",
    "search_query":"virgin coconut oil",
    "weight_kg":0.5,
    "price_per_kg":156000.0,
    "0":"umum",
    "1":"vco"
  },
  {
    "_id":{
      "$oid":"68491d167013c07662ad90c5"
    },
    "timestamp_scrape":"2025-06-11T12:25:19.878426",
    "ecommerce":"Tokopedia",
    "product_name":"Fineco Extra Virgin Coconut Oil 250ML",
    "price_raw":"Rp72.200",
    "price_clean":72200.0,
    "shop_name":"Gemini B2",
    "sold_count_raw":"1 terjual",
    "sold_count_clean":1.0,
    "product_url":"https:\/\/www.tokopedia.com\/geminib2\/fineco-extra-virgin-coconut-oil-250ml?extParam=ivf%3Dfalse%26keyword%3Dvirgin+coconut+oil%26src%3Dsearch",
    "search_query":"virgin coconut oil",
    "weight_kg":0.25,
    "price_per_kg":288800.0,
    "0":"umum",
    "1":"vco"
  },
  {
    "_id":{
      "$oid":"68491d167013c07662ad90c6"
    },
    "timestamp_scrape":"2025-06-11T12:25:20.465293",
    "ecommerce":"Tokopedia",
    "product_name":"Organic Cold Pressed Extra Virgin Coconut oil",
    "price_raw":"Rp80.000",
    "price_clean":80000.0,
    "shop_name":"kalischocolistik",
    "sold_count_raw":"250+ terjual",
    "sold_count_clean":250.0,
    "product_url":"https:\/\/www.tokopedia.com\/kalischocolistic\/organic-cold-pressed-extra-virgin-coconut-oil?extParam=ivf%3Dfalse%26keyword%3Dvirgin+coconut+oil%26src%3Dsearch",
    "search_query":"virgin coconut oil",
    "weight_kg":null,
    "price_per_kg":null,
    "0":"umum",
    "1":"vco"
  },
  {
    "_id":{
      "$oid":"68491d167013c07662ad90c7"
    },
    "timestamp_scrape":"2025-06-11T12:25:21.054462",
    "ecommerce":"Tokopedia",
    "product_name":"Mirael Virgin Coconut Oil Spray 10ml",
    "price_raw":"Rp35.000",
    "price_clean":35000.0,
    "shop_name":"Sugarwaxingkit",
    "sold_count_raw":"40+ terjual",
    "sold_count_clean":40.0,
    "product_url":"https:\/\/www.tokopedia.com\/sugarwaxingkit\/mirael-virgin-coconut-oil-spray-10ml-original?extParam=ivf%3Dfalse%26keyword%3Dvirgin+coconut+oil%26src%3Dsearch",
    "search_query":"virgin coconut oil",
    "weight_kg":0.01,
    "price_per_kg":3500000.0,
    "0":"hewan",
    "1":"vco"
  },
  {
    "_id":{
      "$oid":"68491d167013c07662ad90c8"
    },
    "timestamp_scrape":"2025-06-11T12:25:21.642268",
    "ecommerce":"Tokopedia",
    "product_name":"Klaper Virgin Coconut Oil Original 120ml",
    "price_raw":"Rp51.000",
    "price_clean":51000.0,
    "shop_name":"tritunggalmedikaofficial",
    "sold_count_raw":"4 terjual",
    "sold_count_clean":4.0,
    "product_url":"https:\/\/www.tokopedia.com\/tritunggalmedika\/klaper-virgin-coconut-oil-original-120ml?extParam=ivf%3Dfalse%26keyword%3Dvirgin+coconut+oil%26src%3Dsearch",
    "search_query":"virgin coconut oil",
    "weight_kg":0.12,
    "price_per_kg":425000.0,
    "0":"umum",
    "1":"vco"
  },
  {
    "_id":{
      "$oid":"68491d167013c07662ad90c9"
    },
    "timestamp_scrape":"2025-06-11T12:25:22.232279",
    "ecommerce":"Tokopedia",
    "product_name":"VCO VIRGIN COCONUT OIL 100 KAPSUL",
    "price_raw":"Rp26.200",
    "price_clean":26200.0,
    "shop_name":"IDRISSTORE_",
    "sold_count_raw":"5 terjual",
    "sold_count_clean":5.0,
    "product_url":"https:\/\/www.tokopedia.com\/idrisstore-1\/vco-virgin-coconut-oil-100-kapsul?extParam=ivf%3Dfalse%26keyword%3Dvirgin+coconut+oil%26src%3Dsearch",
    "search_query":"virgin coconut oil",
    "weight_kg":null,
    "price_per_kg":null,
    "0":"umum",
    "1":"lain"
  },
  {
    "_id":{
      "$oid":"68491d167013c07662ad90ca"
    },
    "timestamp_scrape":"2025-06-11T12:25:22.823781",
    "ecommerce":"Tokopedia",
    "product_name":"VCO SUPER ORGANIC virgin coconut oil 125 ml",
    "price_raw":"Rp25.000",
    "price_clean":25000.0,
    "shop_name":"NabKa store",
    "sold_count_raw":"50+ terjual",
    "sold_count_clean":50.0,
    "product_url":"https:\/\/www.tokopedia.com\/pembalutherbalam\/vco-super-organic-virgin-coconut-oil-125-ml?extParam=ivf%3Dfalse%26keyword%3Dvirgin+coconut+oil%26src%3Dsearch",
    "search_query":"virgin coconut oil",
    "weight_kg":0.125,
    "price_per_kg":200000.0,
    "0":"umum",
    "1":"lain"
  },
  {
    "_id":{
      "$oid":"68491d167013c07662ad90cb"
    },
    "timestamp_scrape":"2025-06-11T12:25:23.411867",
    "ecommerce":"Tokopedia",
    "product_name":"VCO Virgin Coconut Oil | Minyak Kelapa Murni Harmoni Original",
    "price_raw":"Rp16.000",
    "price_clean":16000.0,
    "shop_name":"kios falah",
    "sold_count_raw":"60+ terjual",
    "sold_count_clean":60.0,
    "product_url":"https:\/\/www.tokopedia.com\/kios-falah\/vco-virgin-coconut-oil-minyak-kelapa-murni-harmoni-original?extParam=ivf%3Dfalse%26keyword%3Dvirgin+coconut+oil%26src%3Dsearch",
    "search_query":"virgin coconut oil",
    "weight_kg":null,
    "price_per_kg":null,
    "0":"mpasi",
    "1":"lain"
  },
  {
    "_id":{
      "$oid":"68491d167013c07662ad90cc"
    },
    "timestamp_scrape":"2025-06-11T12:25:24.013858",
    "ecommerce":"Tokopedia",
    "product_name":"Virgin Coconut Oil 500ml Minyak Kelapa Murni VCO Original-VCO 500ml-RIDEL Store99",
    "price_raw":"Rp65.500",
    "price_clean":65500.0,
    "shop_name":"RIDEL store-99",
    "sold_count_raw":"1 terjual",
    "sold_count_clean":1.0,
    "product_url":"https:\/\/www.tokopedia.com\/ridelstore-99\/virgin-coconut-oil-500ml-minyak-kelapa-murni-vco-original-vco-500ml-ridel-store99-1730786611371673434?extParam=ivf%3Dfalse%26keyword%3Dvirgin+coconut+oil%26src%3Dsearch",
    "search_query":"virgin coconut oil",
    "weight_kg":0.5,
    "price_per_kg":131000.0,
    "0":"umum",
    "1":"vco"
  },
  {
    "_id":{
      "$oid":"68491d167013c07662ad90cf"
    },
    "timestamp_scrape":"2025-06-11T12:25:51.427484",
    "ecommerce":"Tokopedia",
    "product_name":"Batrisyia Herbal VCO Cair 250ml Batris Virgin Coconut Oil Kemasan Baru",
    "price_raw":"Rp76.000",
    "price_clean":76000.0,
    "shop_name":"Indonesian Handicraft",
    "sold_count_raw":"28 terjual",
    "sold_count_clean":28.0,
    "product_url":"https:\/\/www.tokopedia.com\/ecraft\/batrisyia-herbal-vco-cair-250ml-batris-virgin-coconut-oil-kemasan-baru?extParam=ivf%3Dfalse%26keyword%3Dvirgin+coconut+oil%26src%3Dsearch",
    "search_query":"virgin coconut oil",
    "weight_kg":0.25,
    "price_per_kg":304000.0,
    "0":"umum",
    "1":"vco"
  },
  {
    "_id":{
      "$oid":"68491d167013c07662ad90d0"
    },
    "timestamp_scrape":"2025-06-11T12:25:52.017272",
    "ecommerce":"Tokopedia",
    "product_name":"Organic Virgin Coconut Oil Mezzaluna 500ml VCO Organik",
    "price_raw":"Rp211.000",
    "price_clean":211000.0,
    "shop_name":"Dapur rempah34",
    "sold_count_raw":"500+ terjual",
    "sold_count_clean":500.0,
    "product_url":"https:\/\/www.tokopedia.com\/rismayanti\/organic-virgin-coconut-oil-mezzaluna-500ml-vco-organik-1730991092726989860?extParam=ivf%3Dfalse%26keyword%3Dvirgin+coconut+oil%26src%3Dsearch",
    "search_query":"virgin coconut oil",
    "weight_kg":0.5,
    "price_per_kg":422000.0,
    "0":"umum",
    "1":"vco"
  },
  {
    "_id":{
      "$oid":"68491d167013c07662ad90d1"
    },
    "timestamp_scrape":"2025-06-11T12:25:52.608670",
    "ecommerce":"Tokopedia",
    "product_name":"VCO SPRAY 30 ML VIRGIN COCONUT OIL OBAT VITAMIN ANJING KUCING SEHAT",
    "price_raw":"Rp15.000",
    "price_clean":15000.0,
    "shop_name":"Cutiespetshop",
    "sold_count_raw":"5 terjual",
    "sold_count_clean":5.0,
    "product_url":"https:\/\/www.tokopedia.com\/cutiespetshop\/vco-spray-30-ml-virgin-coconut-oil-obat-vitamin-anjing-kucing-sehat?extParam=ivf%3Dfalse%26keyword%3Dvirgin+coconut+oil%26src%3Dsearch",
    "search_query":"virgin coconut oil",
    "weight_kg":0.03,
    "price_per_kg":500000.0,
    "0":"umum",
    "1":"vco"
  },
  {
    "_id":{
      "$oid":"68491d167013c07662ad90d2"
    },
    "timestamp_scrape":"2025-06-11T12:25:53.198717",
    "ecommerce":"Tokopedia",
    "product_name":"VCO Minyak Kelapa Murni DARUSYIFA BPOM 60 Kapsul - Virgin Coconut Oil",
    "price_raw":"Rp26.500",
    "price_clean":26500.0,
    "shop_name":"Sumber & Waras",
    "sold_count_raw":"20 terjual",
    "sold_count_clean":20.0,
    "product_url":"https:\/\/www.tokopedia.com\/sumberwarassehat\/vco-minyak-kelapa-murni-darusyifa-bpom-60-kapsul-virgin-coconut-oil?extParam=ivf%3Dfalse%26keyword%3Dvirgin+coconut+oil%26src%3Dsearch",
    "search_query":"virgin coconut oil",
    "weight_kg":null,
    "price_per_kg":null,
    "0":"umum",
    "1":"vco"
  },
  {
    "_id":{
      "$oid":"68491d167013c07662ad90d3"
    },
    "timestamp_scrape":"2025-06-11T12:25:53.789398",
    "ecommerce":"Tokopedia",
    "product_name":"VCO – Virgin Coconut Oil BACO 100 ml Kulaku – minyak kelapa murni vco",
    "price_raw":"Rp35.000",
    "price_clean":35000.0,
    "shop_name":"Kulaku Indonesia Official",
    "sold_count_raw":"8 terjual",
    "sold_count_clean":8.0,
    "product_url":"https:\/\/www.tokopedia.com\/kulakuindonesiaofficial\/vco-virgin-coconut-oil-baco-100-ml-kulaku-minyak-kelapa-murni-vco?extParam=ivf%3Dfalse%26keyword%3Dvirgin+coconut+oil%26src%3Dsearch",
    "search_query":"virgin coconut oil",
    "weight_kg":0.1,
    "price_per_kg":350000.0,
    "0":"umum",
    "1":"vco"
  },
  {
    "_id":{
      "$oid":"68491d167013c07662ad90d4"
    },
    "timestamp_scrape":"2025-06-11T12:25:54.376369",
    "ecommerce":"Tokopedia",
    "product_name":"VCO Extra Virgin Coconut Oil 250ml \/ NaturiQ Minyak Kelapa Murni Obat Kolesterol \/ Minyak Kelapa Asli 100% Termurah \/ Virgin Oil Coconut Original",
    "price_raw":"Rp55.000",
    "price_clean":55000.0,
    "shop_name":"almira olshop13",
    "sold_count_raw":"12 terjual",
    "sold_count_clean":12.0,
    "product_url":"https:\/\/www.tokopedia.com\/almiraolshop13\/vco-extra-virgin-coconut-oil-250ml-naturiq-minyak-kelapa-murni-obat-kolesterol-minyak-kelapa-asli-100-termurah-virgin-oil-coconut-original?extParam=ivf%3Dfalse%26keyword%3Dvirgin+coconut+oil%26src%3Dsearch",
    "search_query":"virgin coconut oil",
    "weight_kg":0.25,
    "price_per_kg":220000.0,
    "0":"umum",
    "1":"vco"
  },
  {
    "_id":{
      "$oid":"68491d167013c07662ad90d5"
    },
    "timestamp_scrape":"2025-06-11T12:25:54.965184",
    "ecommerce":"Tokopedia",
    "product_name":"Minyak VCO Virgin Coconut Oil Darusyifa| Minyak Kelapa\/ Minyak Miss V",
    "price_raw":"Rp22.999",
    "price_clean":22999.0,
    "shop_name":"Hasbi_ST",
    "sold_count_raw":"9 terjual",
    "sold_count_clean":9.0,
    "product_url":"https:\/\/www.tokopedia.com\/hasbist-1\/minyak-vco-virgin-coconut-oil-darusyifa-minyak-kelapa-minyak-miss-v?extParam=ivf%3Dfalse%26keyword%3Dvirgin+coconut+oil%26src%3Dsearch",
    "search_query":"virgin coconut oil",
    "weight_kg":null,
    "price_per_kg":null,
    "0":"umum",
    "1":"vco"
  },
  {
    "_id":{
      "$oid":"68491d167013c07662ad90d6"
    },
    "timestamp_scrape":"2025-06-11T12:25:55.555151",
    "ecommerce":"Tokopedia",
    "product_name":"RAID ALL VIRGIN COCONUT OIL (VCO) 20 ML – MINYAK KELAPA UNTUK KUCING & ANJING",
    "price_raw":"Rp29.000",
    "price_clean":29000.0,
    "shop_name":"Rajapetshop Official",
    "sold_count_raw":"100+ terjual",
    "sold_count_clean":100.0,
    "product_url":"https:\/\/www.tokopedia.com\/rajapetshop-official\/raid-all-virgin-coconut-oil-vco-20-ml-minyak-kelapa-untuk-kucing-anjing-1731331881077474955?extParam=ivf%3Dfalse%26keyword%3Dvirgin+coconut+oil%26src%3Dsearch",
    "search_query":"virgin coconut oil",
    "weight_kg":0.02,
    "price_per_kg":1450000.0,
    "0":"umum",
    "1":"vco"
  },
  {
    "_id":{
      "$oid":"68491d167013c07662ad90d7"
    },
    "timestamp_scrape":"2025-06-11T12:25:56.145877",
    "ecommerce":"Tokopedia",
    "product_name":"PALING MURAH Novamos Vco Virgin Coconut Oil Kucing & Anjing - 60ml",
    "price_raw":"Rp78.800",
    "price_clean":78800.0,
    "shop_name":"sweet violet990",
    "sold_count_raw":"1 terjual",
    "sold_count_clean":1.0,
    "product_url":"https:\/\/www.tokopedia.com\/sweetviolet990\/paling-murah-novamos-vco-virgin-coconut-oil-kucing-anjing-60ml?extParam=ivf%3Dfalse%26keyword%3Dvirgin+coconut+oil%26src%3Dsearch",
    "search_query":"virgin coconut oil",
    "weight_kg":0.06,
    "price_per_kg":1313333.3333333335,
    "0":"mpasi",
    "1":"lain"
  },
  {
    "_id":{
      "$oid":"68491d167013c07662ad90d8"
    },
    "timestamp_scrape":"2025-06-11T12:25:56.738509",
    "ecommerce":"Tokopedia",
    "product_name":"TRIVICO VCO PREMIUM \/ EVCO Virgin Coconut OIL 250ML \/ MINYAK KELAPA MU",
    "price_raw":"Rp48.500",
    "price_clean":48500.0,
    "shop_name":"CCMbeauty",
    "sold_count_raw":"70+ terjual",
    "sold_count_clean":70.0,
    "product_url":"https:\/\/www.tokopedia.com\/britel\/trivico-vco-premium-evco-virgin-coconut-oil-250ml-minyak-kelapa-mu?extParam=ivf%3Dfalse%26keyword%3Dvirgin+coconut+oil%26src%3Dsearch",
    "search_query":"virgin coconut oil",
    "weight_kg":0.25,
    "price_per_kg":194000.0,
    "0":"hewan",
    "1":"lain"
  },
  {
    "_id":{
      "$oid":"68491d167013c07662ad90d9"
    },
    "timestamp_scrape":"2025-06-11T12:25:57.342393",
    "ecommerce":"Tokopedia",
    "product_name":"EXTRA VIRGIN COCONUT OIL 100 % ASLI MURNI ORGANIK PREMIUM QUALITY VCO \/ MINYAK KELAPA 100ML 250ML 500ML 1000ML \/ MINYAK KELAPA VCO 100ML 250ML 500ML 1000ML \/ VCO VIRGIN COCONUT OIL 100ML 250ML 500ML 1000ML \/MINYAK KELAPA MURNI 100ML 250ML 500ML",
    "price_raw":"Rp28.800",
    "price_clean":28800.0,
    "shop_name":"flossystore",
    "sold_count_raw":"2 terjual",
    "sold_count_clean":2.0,
    "product_url":"https:\/\/www.tokopedia.com\/flossystore\/extra-virgin-coconut-oil-100-asli-murni-organik-premium-quality-vco-minyak-kelapa-100ml-250ml-500ml-1000ml-minyak-kelapa-vco-100ml-250ml-500ml-1000ml-vco-virgin-coconut-oil-100ml-250ml-500ml-1000ml-minyak-kelapa-murni-100ml-250ml-500ml-100-ml-19e88?extParam=ivf%3Dfalse%26keyword%3Dvirgin+coconut+oil%26src%3Dsearch",
    "search_query":"virgin coconut oil",
    "weight_kg":0.1,
    "price_per_kg":288000.0,
    "0":"umum",
    "1":"vco"
  },
  {
    "_id":{
      "$oid":"68491d167013c07662ad90dc"
    },
    "timestamp_scrape":"2025-06-11T12:26:22.579757",
    "ecommerce":"Tokopedia",
    "product_name":"Virgin Coconut Oil (VCO) 30ml Obat Jamur-Scabies Kucing-Anjing",
    "price_raw":"Rp7.000",
    "price_clean":7000.0,
    "shop_name":"Ua09_PetShop",
    "sold_count_raw":"40+ terjual",
    "sold_count_clean":40.0,
    "product_url":"https:\/\/www.tokopedia.com\/ua09petshop\/virgin-coconut-oil-vco-30ml-obat-jamur-scabies-kucing-anjing?extParam=ivf%3Dfalse%26keyword%3Dvirgin+coconut+oil%26src%3Dsearch",
    "search_query":"virgin coconut oil",
    "weight_kg":0.03,
    "price_per_kg":233333.3333333333,
    "0":"umum",
    "1":"vco"
  },
  {
    "_id":{
      "$oid":"68491d167013c07662ad90dd"
    },
    "timestamp_scrape":"2025-06-11T12:26:23.168324",
    "ecommerce":"Tokopedia",
    "product_name":"Extra virgin coconut oil VCO 1000ml 1 Liter",
    "price_raw":"Rp107.000",
    "price_clean":107000.0,
    "shop_name":"luvitha",
    "sold_count_raw":"100+ terjual",
    "sold_count_clean":100.0,
    "product_url":"https:\/\/www.tokopedia.com\/luvitha\/extra-virgin-coconut-oil-vco-1000ml-1-liter?extParam=ivf%3Dfalse%26keyword%3Dvirgin+coconut+oil%26src%3Dsearch",
    "search_query":"virgin coconut oil",
    "weight_kg":1.0,
    "price_per_kg":107000.0,
    "0":"umum",
    "1":"vco"
  },
  {
    "_id":{
      "$oid":"68491d167013c07662ad90de"
    },
    "timestamp_scrape":"2025-06-11T12:26:23.760126",
    "ecommerce":"Tokopedia",
    "product_name":"[BUY1GET2] VCO Virgin Coconut Oil 30ml Vitamin Bulu dan Kulit Anabul",
    "price_raw":"Rp15.000",
    "price_clean":15000.0,
    "shop_name":"The Gliders Pit",
    "sold_count_raw":"16 terjual",
    "sold_count_clean":16.0,
    "product_url":"https:\/\/www.tokopedia.com\/thegliders\/buy1get2-vco-virgin-coconut-oil-30ml-vitamin-bulu-dan-kulit-anabul-1730893788243854924?extParam=ivf%3Dfalse%26keyword%3Dvirgin+coconut+oil%26src%3Dsearch",
    "search_query":"virgin coconut oil",
    "weight_kg":0.001,
    "price_per_kg":15000000.0,
    "0":"umum",
    "1":"vco"
  },
  {
    "_id":{
      "$oid":"68491d167013c07662ad90df"
    },
    "timestamp_scrape":"2025-06-11T12:26:24.352658",
    "ecommerce":"Tokopedia",
    "product_name":"VCO Virgo Pro 60 Kapsul Virgin Coconut Oil Darusyifa",
    "price_raw":"Rp24.900",
    "price_clean":24900.0,
    "shop_name":"Herbal Pondok Cabe",
    "sold_count_raw":"14 terjual",
    "sold_count_clean":14.0,
    "product_url":"https:\/\/www.tokopedia.com\/herbalpondok\/vco-virgo-pro-60-kapsul-virgin-coconut-oil-darusyifa?extParam=ivf%3Dfalse%26keyword%3Dvirgin+coconut+oil%26src%3Dsearch",
    "search_query":"virgin coconut oil",
    "weight_kg":null,
    "price_per_kg":null,
    "0":"umum",
    "1":"lain"
  },
  {
    "_id":{
      "$oid":"68491d167013c07662ad90e0"
    },
    "timestamp_scrape":"2025-06-11T12:26:24.942654",
    "ecommerce":"Tokopedia",
    "product_name":"VCO Virgin Coconut Oil SR12 Minyak Kelapa Murni VICO Oil Terbaik",
    "price_raw":"Rp34.500",
    "price_clean":34500.0,
    "shop_name":"SR12 Herbal Skincare Bogor",
    "sold_count_raw":"11 terjual",
    "sold_count_clean":11.0,
    "product_url":"https:\/\/www.tokopedia.com\/sr12shopbogor\/vco-virgin-coconut-oil-sr12-minyak-kelapa-murni-vico-oil-terbaik-60ml?extParam=ivf%3Dfalse%26keyword%3Dvirgin+coconut+oil%26src%3Dsearch",
    "search_query":"virgin coconut oil",
    "weight_kg":null,
    "price_per_kg":null,
    "0":"umum",
    "1":"vco"
  },
  {
    "_id":{
      "$oid":"68491d167013c07662ad90e1"
    },
    "timestamp_scrape":"2025-06-11T12:26:25.530368",
    "ecommerce":"Tokopedia",
    "product_name":"Virgin Coconut Oil 30ml - VCO Obat Scabies Jamur Luka Kucing Anjing",
    "price_raw":"Rp11.500",
    "price_clean":11500.0,
    "shop_name":"House99Petshop",
    "sold_count_raw":"18 terjual",
    "sold_count_clean":18.0,
    "product_url":"https:\/\/www.tokopedia.com\/house99petshop\/virgin-coconut-oil-30ml-vco-obat-scabies-jamur-luka-kucing-anjing?extParam=ivf%3Dfalse%26keyword%3Dvirgin+coconut+oil%26src%3Dsearch",
    "search_query":"virgin coconut oil",
    "weight_kg":0.03,
    "price_per_kg":383333.3333333334,
    "0":"umum",
    "1":"vco"
  },
  {
    "_id":{
      "$oid":"68491d167013c07662ad90e2"
    },
    "timestamp_scrape":"2025-06-11T12:26:26.115409",
    "ecommerce":"Tokopedia",
    "product_name":"Virgin Coconut Oil [VCO]",
    "price_raw":"Rp16.500",
    "price_clean":16500.0,
    "shop_name":"zhamamy herbatonik",
    "sold_count_raw":"30+ terjual",
    "sold_count_clean":30.0,
    "product_url":"https:\/\/www.tokopedia.com\/zhamamy\/virgin-coconut-oil-vco?extParam=ivf%3Dfalse%26keyword%3Dvirgin+coconut+oil%26src%3Dsearch",
    "search_query":"virgin coconut oil",
    "weight_kg":null,
    "price_per_kg":null,
    "0":"umum",
    "1":"vco"
  },
  {
    "_id":{
      "$oid":"68491d167013c07662ad90e3"
    },
    "timestamp_scrape":"2025-06-11T12:26:26.705839",
    "ecommerce":"Tokopedia",
    "product_name":"minyak vco virgin coconut oil 250ml Al badr",
    "price_raw":"Rp49.000",
    "price_clean":49000.0,
    "shop_name":"Grosir Herbal Online",
    "sold_count_raw":"3 terjual",
    "sold_count_clean":3.0,
    "product_url":"https:\/\/www.tokopedia.com\/grosir-47\/minyak-vco-virgin-coconut-oil-250ml-al-badr?extParam=ivf%3Dfalse%26keyword%3Dvirgin+coconut+oil%26src%3Dsearch",
    "search_query":"virgin coconut oil",
    "weight_kg":0.25,
    "price_per_kg":196000.0,
    "0":"umum",
    "1":"vco"
  },
  {
    "_id":{
      "$oid":"68491d167013c07662ad90e4"
    },
    "timestamp_scrape":"2025-06-11T12:26:27.288327",
    "ecommerce":"Tokopedia",
    "product_name":"healthy choice virgin coconut oil 340ml",
    "price_raw":"Rp115.000",
    "price_clean":115000.0,
    "shop_name":"firstdzakirahshop",
    "sold_count_raw":"5 terjual",
    "sold_count_clean":5.0,
    "product_url":"https:\/\/www.tokopedia.com\/firstdzakira-9\/healthy-choice-virgin-coconut-oil-340ml?extParam=ivf%3Dfalse%26keyword%3Dvirgin+coconut+oil%26src%3Dsearch",
    "search_query":"virgin coconut oil",
    "weight_kg":0.34,
    "price_per_kg":338235.294117647,
    "0":"hewan",
    "1":"lain"
  },
  {
    "_id":{
      "$oid":"68491d167013c07662ad90e5"
    },
    "timestamp_scrape":"2025-06-11T12:26:27.876196",
    "ecommerce":"Tokopedia",
    "product_name":"Vco Fourvico | Extra Virgin Coconut Oil | Premium Quality Coconut Oil | Minyak Kelapa Murni - 100ml",
    "price_raw":"Rp12.650",
    "price_clean":12650.0,
    "shop_name":"Mraherbal",
    "sold_count_raw":"50+ terjual",
    "sold_count_clean":50.0,
    "product_url":"https:\/\/www.tokopedia.com\/mraherbal\/vco-fourvico-extra-virgin-coconut-oil-premium-quality-coconut-oil-minyak-kelapa-murni-100ml-1729587857026812214?extParam=ivf%3Dfalse%26keyword%3Dvirgin+coconut+oil%26src%3Dsearch",
    "search_query":"virgin coconut oil",
    "weight_kg":0.1,
    "price_per_kg":126500.0,
    "0":"umum",
    "1":"vco"
  },
  {
    "_id":{
      "$oid":"68491d167013c07662ad90e6"
    },
    "timestamp_scrape":"2025-06-11T12:26:28.468471",
    "ecommerce":"Tokopedia",
    "product_name":"organic extra virgin coconut oil",
    "price_raw":"Rp186.000",
    "price_clean":186000.0,
    "shop_name":"Omega Food",
    "sold_count_raw":"19 terjual",
    "sold_count_clean":19.0,
    "product_url":"https:\/\/www.tokopedia.com\/090991\/organic-extra-virgin-coconut-oil?extParam=ivf%3Dfalse%26keyword%3Dvirgin+coconut+oil%26src%3Dsearch",
    "search_query":"virgin coconut oil",
    "weight_kg":null,
    "price_per_kg":null,
    "0":"umum",
    "1":"vco"
  },
  {
    "_id":{
      "$oid":"68491d167013c07662ad90e9"
    },
    "timestamp_scrape":"2025-06-11T12:27:02.797386",
    "ecommerce":"Tokopedia",
    "product_name":"Virgin Coconut Oil VCO  untuk Ibu Hamil dan Menyusui",
    "price_raw":"Rp80.000",
    "price_clean":80000.0,
    "shop_name":"Toko Sarang Semut",
    "sold_count_raw":"2 terjual",
    "sold_count_clean":2.0,
    "product_url":"https:\/\/www.tokopedia.com\/tokosarangsemut\/virgin-coconut-oil-vco-untuk-ibu-hamil-dan-menyusui?extParam=ivf%3Dfalse%26keyword%3Dvirgin+coconut+oil%26src%3Dsearch",
    "search_query":"virgin coconut oil",
    "weight_kg":null,
    "price_per_kg":null,
    "0":"umum",
    "1":"vco"
  },
  {
    "_id":{
      "$oid":"68491d167013c07662ad90ea"
    },
    "timestamp_scrape":"2025-06-11T12:27:03.381781",
    "ecommerce":"Tokopedia",
    "product_name":"VCO SR12 \/ Virgin Coconut Oil SR12 \/ Vico SR12 HALAL BPOM BEST SELLER!",
    "price_raw":"Rp34.500",
    "price_clean":34500.0,
    "shop_name":"Charmbeauty.id",
    "sold_count_raw":"17 terjual",
    "sold_count_clean":17.0,
    "product_url":"https:\/\/www.tokopedia.com\/charmbeauty\/vco-sr12-virgin-coconut-oil-sr12-vico-sr12-halal-bpom-best-seller-60ml?extParam=ivf%3Dfalse%26keyword%3Dvirgin+coconut+oil%26src%3Dsearch",
    "search_query":"virgin coconut oil",
    "weight_kg":null,
    "price_per_kg":null,
    "0":"umum",
    "1":"vco"
  },
  {
    "_id":{
      "$oid":"68491d167013c07662ad90eb"
    },
    "timestamp_scrape":"2025-06-11T12:27:03.970957",
    "ecommerce":"Tokopedia",
    "product_name":"NAYAKA GROSIR VCO Spray 30 ml HILU CARE Herbal Obat Hamster Scabies Jamur Kulit Hewan Kucing Anjing Kelinci Virgin Coconut Oil Minyak Kelapa Murni",
    "price_raw":"Rp5.990",
    "price_clean":5990.0,
    "shop_name":"Grosir Nayaka Petshop",
    "sold_count_raw":"4 terjual",
    "sold_count_clean":4.0,
    "product_url":"https:\/\/www.tokopedia.com\/grosir-nayaka-petshop\/nayaka-grosir-vco-spray-30-ml-hilu-care-herbal-obat-hamster-scabies-jamur-kulit-hewan-kucing-anjing-kelinci-virgin-coconut-oil-minyak-kelapa-murni-1730786178037679758?extParam=ivf%3Dfalse%26keyword%3Dvirgin+coconut+oil%26src%3Dsearch",
    "search_query":"virgin coconut oil",
    "weight_kg":0.03,
    "price_per_kg":199666.6666666667,
    "0":"umum",
    "1":"vco"
  },
  {
    "_id":{
      "$oid":"68491d167013c07662ad90ec"
    },
    "timestamp_scrape":"2025-06-11T12:27:04.559105",
    "ecommerce":"Tokopedia",
    "product_name":"Virgin Coconut Oil (VCO) 60ml - Minyak Kelapa Murni",
    "price_raw":"Rp34.500",
    "price_clean":34500.0,
    "shop_name":"Herbal Skincare SR12",
    "sold_count_raw":"1 terjual",
    "sold_count_clean":1.0,
    "product_url":"https:\/\/www.tokopedia.com\/kecantikansr12\/virgin-coconut-oil-vco-60ml-minyak-kelapa-murni?extParam=ivf%3Dfalse%26keyword%3Dvirgin+coconut+oil%26src%3Dsearch",
    "search_query":"virgin coconut oil",
    "weight_kg":0.06,
    "price_per_kg":575000.0,
    "0":"umum",
    "1":"vco"
  },
  {
    "_id":{
      "$oid":"68491d167013c07662ad90ed"
    },
    "timestamp_scrape":"2025-06-11T12:27:05.801857",
    "ecommerce":"Tokopedia",
    "product_name":"BARANG TERLARIS Petso virgin coconut oil for pets 500ml",
    "price_raw":"Rp259.000",
    "price_clean":259000.0,
    "shop_name":"dotengwell",
    "sold_count_raw":"0 terjual",
    "sold_count_clean":0.0,
    "product_url":"https:\/\/www.tokopedia.com\/dotengwell\/barang-terlaris-petso-virgin-coconut-oil-for-pets-500ml?extParam=ivf%3Dfalse%26keyword%3Dvirgin+coconut+oil%26src%3Dsearch",
    "search_query":"virgin coconut oil",
    "weight_kg":0.5,
    "price_per_kg":518000.0,
    "0":"hewan",
    "1":"vco"
  },
  {
    "_id":{
      "$oid":"68491d167013c07662ad90ee"
    },
    "timestamp_scrape":"2025-06-11T12:27:06.391208",
    "ecommerce":"Tokopedia",
    "product_name":"Minyak VCO Virgin Coconut Oil Darusyifa",
    "price_raw":"Rp18.900",
    "price_clean":18900.0,
    "shop_name":"Hasbi_ST",
    "sold_count_raw":"5 terjual",
    "sold_count_clean":5.0,
    "product_url":"https:\/\/www.tokopedia.com\/hasbist-1\/minyak-vco-virgin-coconut-oil-darusyifa?extParam=ivf%3Dfalse%26keyword%3Dvirgin+coconut+oil%26src%3Dsearch",
    "search_query":"virgin coconut oil",
    "weight_kg":null,
    "price_per_kg":null,
    "0":"hewan",
    "1":"lain"
  },
  {
    "_id":{
      "$oid":"68491d167013c07662ad90ef"
    },
    "timestamp_scrape":"2025-06-11T12:27:06.980846",
    "ecommerce":"Tokopedia",
    "product_name":"Organic Extra Virgin Coconut Oil EVCO 250 ml",
    "price_raw":"Rp55.000",
    "price_clean":55000.0,
    "shop_name":"QueenAld Shop",
    "sold_count_raw":"11 terjual",
    "sold_count_clean":11.0,
    "product_url":"https:\/\/www.tokopedia.com\/queenald-shop\/organic-extra-virgin-coconut-oil-evco-250-ml?extParam=ivf%3Dfalse%26keyword%3Dvirgin+coconut+oil%26src%3Dsearch",
    "search_query":"virgin coconut oil",
    "weight_kg":0.25,
    "price_per_kg":220000.0,
    "0":"umum",
    "1":"vco"
  },
  {
    "_id":{
      "$oid":"68491d167013c07662ad90f0"
    },
    "timestamp_scrape":"2025-06-11T12:27:07.565317",
    "ecommerce":"Tokopedia",
    "product_name":"My Organik Minyak Kelapa Murni Extra Virgin Coconut Oil VCO",
    "price_raw":"Rp15.900",
    "price_clean":15900.0,
    "shop_name":"townfarm.id",
    "sold_count_raw":"2 terjual",
    "sold_count_clean":2.0,
    "product_url":"https:\/\/www.tokopedia.com\/townfarmid\/my-organik-minyak-kelapa-murni-extra-virgin-coconut-oil-vco-1731404363717444969?extParam=ivf%3Dfalse%26keyword%3Dvirgin+coconut+oil%26src%3Dsearch",
    "search_query":"virgin coconut oil",
    "weight_kg":null,
    "price_per_kg":null,
    "0":"umum",
    "1":"vco"
  },
  {
    "_id":{
      "$oid":"68491d167013c07662ad90f1"
    },
    "timestamp_scrape":"2025-06-11T12:27:08.149936",
    "ecommerce":"Tokopedia",
    "product_name":"Beryla Baby VCO Virgin Coconut Oil Minyak Kelapa Murni dan Original",
    "price_raw":"Rp18.000",
    "price_clean":18000.0,
    "shop_name":"NATURALVA OFFICIAL STORE",
    "sold_count_raw":"10 terjual",
    "sold_count_clean":10.0,
    "product_url":"https:\/\/www.tokopedia.com\/naturalva\/beryla-baby-vco-virgin-coconut-oil-minyak-kelapa-murni-dan-original?extParam=ivf%3Dfalse%26keyword%3Dvirgin+coconut+oil%26src%3Dsearch",
    "search_query":"virgin coconut oil",
    "weight_kg":null,
    "price_per_kg":null,
    "0":"umum",
    "1":"vco"
  },
  {
    "_id":{
      "$oid":"68491d167013c07662ad90f2"
    },
    "timestamp_scrape":"2025-06-11T12:27:08.739111",
    "ecommerce":"Tokopedia",
    "product_name":"Shampoo herbal anjing kucing timmy poppies dari VCO virgin coconut oil natural",
    "price_raw":"Rp390.000",
    "price_clean":390000.0,
    "shop_name":"kasih sayang hewan",
    "sold_count_raw":"1 terjual",
    "sold_count_clean":1.0,
    "product_url":"https:\/\/www.tokopedia.com\/evalos\/shampoo-herbal-anjing-kucing-timmy-poppies-dari-vco-virgin-coconut-oil-natural-500-mili-a8a9f?extParam=ivf%3Dfalse%26keyword%3Dvirgin+coconut+oil%26src%3Dsearch",
    "search_query":"virgin coconut oil",
    "weight_kg":null,
    "price_per_kg":null,
    "0":"umum",
    "1":"evco"
  },
  {
    "_id":{
      "$oid":"68491d167013c07662ad90f3"
    },
    "timestamp_scrape":"2025-06-11T12:27:09.324356",
    "ecommerce":"Tokopedia",
    "product_name":"Extra Virgin Coconut Oil VCO Organic Minyak Kelapa Murni NIU ORGANIC",
    "price_raw":"Rp49.000",
    "price_clean":49000.0,
    "shop_name":"NisaShop86_NEW",
    "sold_count_raw":"2 terjual",
    "sold_count_clean":2.0,
    "product_url":"https:\/\/www.tokopedia.com\/tokonisashop86\/extra-virgin-coconut-oil-vco-organic-minyak-kelapa-murni-niu-organic-niu-vco250-kaca-d79b9?extParam=ivf%3Dfalse%26keyword%3Dvirgin+coconut+oil%26src%3Dsearch",
    "search_query":"virgin coconut oil",
    "weight_kg":null,
    "price_per_kg":null,
    "0":"umum",
    "1":"vco"
  },
  {
    "_id":{
      "$oid":"68491d167013c07662ad90f6"
    },
    "timestamp_scrape":"2025-06-11T12:27:35.176099",
    "ecommerce":"Tokopedia",
    "product_name":"BUKU TAKLUKAN PENYAKIT DENGAN VCO VIRGIN COCONUT OIL",
    "price_raw":"Rp24.500",
    "price_clean":24500.0,
    "shop_name":"RB BOOK STORE",
    "sold_count_raw":"4 terjual",
    "sold_count_clean":4.0,
    "product_url":"https:\/\/www.tokopedia.com\/rbbook\/buku-taklukan-penyakit-dengan-vco-virgin-coconut-oil?extParam=ivf%3Dfalse%26keyword%3Dvirgin+coconut+oil%26src%3Dsearch",
    "search_query":"virgin coconut oil",
    "weight_kg":null,
    "price_per_kg":null,
    "0":"mpasi",
    "1":"lain"
  },
  {
    "_id":{
      "$oid":"68491d167013c07662ad90f7"
    },
    "timestamp_scrape":"2025-06-11T12:27:35.767221",
    "ecommerce":"Tokopedia",
    "product_name":"SR12 VCO VIRGIN COCONUT OIL 60ml",
    "price_raw":"Rp40.000",
    "price_clean":40000.0,
    "shop_name":"etoshop",
    "sold_count_raw":"21 terjual",
    "sold_count_clean":21.0,
    "product_url":"https:\/\/www.tokopedia.com\/etoshop\/sr12-vco-virgin-coconut-oil-60ml?extParam=ivf%3Dfalse%26keyword%3Dvirgin+coconut+oil%26src%3Dsearch",
    "search_query":"virgin coconut oil",
    "weight_kg":0.06,
    "price_per_kg":666666.6666666667,
    "0":"hewan",
    "1":"vco"
  },
  {
    "_id":{
      "$oid":"68491d167013c07662ad90f8"
    },
    "timestamp_scrape":"2025-06-11T12:27:36.354415",
    "ecommerce":"Tokopedia",
    "product_name":"ONE PET VIRGIN COCONUT OIL VCO 30 ML SUPLEMEN HEWAN ANJING KUCING",
    "price_raw":"Rp24.000",
    "price_clean":24000.0,
    "shop_name":"VET. on",
    "sold_count_raw":"9 terjual",
    "sold_count_clean":9.0,
    "product_url":"https:\/\/www.tokopedia.com\/vet-on\/one-pet-virgin-coconut-oil-vco-30-ml-suplemen-hewan-anjing-kucing?extParam=ivf%3Dfalse%26keyword%3Dvirgin+coconut+oil%26src%3Dsearch",
    "search_query":"virgin coconut oil",
    "weight_kg":0.03,
    "price_per_kg":800000.0,
    "0":"mpasi",
    "1":"lain"
  },
  {
    "_id":{
      "$oid":"68491d167013c07662ad90f9"
    },
    "timestamp_scrape":"2025-06-11T12:27:36.948290",
    "ecommerce":"Tokopedia",
    "product_name":"VCO Virgin Coconut Oil \/ Minyak Kelapa Murni Harmoni Original 500 ml",
    "price_raw":"Rp50.000",
    "price_clean":50000.0,
    "shop_name":"Sentral Herbal Murah",
    "sold_count_raw":"13 terjual",
    "sold_count_clean":13.0,
    "product_url":"https:\/\/www.tokopedia.com\/sentralherbalmurah\/vco-virgin-coconut-oil-minyak-kelapa-murni-harmoni-original-500-ml?extParam=ivf%3Dfalse%26keyword%3Dvirgin+coconut+oil%26src%3Dsearch",
    "search_query":"virgin coconut oil",
    "weight_kg":0.5,
    "price_per_kg":100000.0,
    "0":"hewan",
    "1":"vco"
  },
  {
    "_id":{
      "$oid":"68491d167013c07662ad90fa"
    },
    "timestamp_scrape":"2025-06-11T12:27:37.538694",
    "ecommerce":"Tokopedia",
    "product_name":"Hungry Petto - Chicken Apple and Virgin Coconut Oil Raw Dog Food",
    "price_raw":"Rp48.000",
    "price_clean":48000.0,
    "shop_name":"Koperasi iRaw PIK",
    "sold_count_raw":"100+ terjual",
    "sold_count_clean":100.0,
    "product_url":"https:\/\/www.tokopedia.com\/irawpik\/hungry-petto-chicken-apple-and-virgin-coconut-oil-raw-dog-food?extParam=ivf%3Dfalse%26keyword%3Dvirgin+coconut+oil%26src%3Dsearch",
    "search_query":"virgin coconut oil",
    "weight_kg":null,
    "price_per_kg":null,
    "0":"hewan",
    "1":"lain"
  },
  {
    "_id":{
      "$oid":"68491d167013c07662ad90fb"
    },
    "timestamp_scrape":"2025-06-11T12:27:38.131310",
    "ecommerce":"Tokopedia",
    "product_name":"Buku Virgin Coconut Oil Minyak Penakluk Aneka Penyakit",
    "price_raw":"Rp25.000",
    "price_clean":25000.0,
    "shop_name":"Langit n Co",
    "sold_count_raw":"13 terjual",
    "sold_count_clean":13.0,
    "product_url":"https:\/\/www.tokopedia.com\/langitn\/buku-virgin-coconut-oil-minyak-penakluk-aneka-penyakit?extParam=ivf%3Dfalse%26keyword%3Dvirgin+coconut+oil%26src%3Dsearch",
    "search_query":"virgin coconut oil",
    "weight_kg":null,
    "price_per_kg":null,
    "0":"umum",
    "1":"lain"
  },
  {
    "_id":{
      "$oid":"68491d167013c07662ad90fc"
    },
    "timestamp_scrape":"2025-06-11T12:27:38.720964",
    "ecommerce":"Tokopedia",
    "product_name":"VIRGIN COCONUT OIL 500ML UNTUK BAYI UNTUK RAMBUT 1 LITER SUKA MPASI IK",
    "price_raw":"Rp60.000",
    "price_clean":60000.0,
    "shop_name":"Dailymartid",
    "sold_count_raw":"2 terjual",
    "sold_count_clean":2.0,
    "product_url":"https:\/\/www.tokopedia.com\/dailymartid8\/virgin-coconut-oil-500ml-untuk-bayi-untuk-rambut-1-liter-suka-mpasi-ik?extParam=ivf%3Dfalse%26keyword%3Dvirgin+coconut+oil%26src%3Dsearch",
    "search_query":"virgin coconut oil",
    "weight_kg":0.5,
    "price_per_kg":120000.0,
    "0":"umum",
    "1":"lain"
  },
  {
    "_id":{
      "$oid":"68491d167013c07662ad90fd"
    },
    "timestamp_scrape":"2025-06-11T12:27:39.308626",
    "ecommerce":"Tokopedia",
    "product_name":"Green VCO Virgin Coconut Oil Kapsul | Kapsul minyak kelapa Muda 60 kps",
    "price_raw":"Rp30.000",
    "price_clean":30000.0,
    "shop_name":"Shaf Herbal Collection",
    "sold_count_raw":"1 terjual",
    "sold_count_clean":1.0,
    "product_url":"https:\/\/www.tokopedia.com\/shaf-herbal-collection\/green-vco-virgin-coconut-oil-kapsul-kapsul-minyak-kelapa-muda-60-kps?extParam=ivf%3Dfalse%26keyword%3Dvirgin+coconut+oil%26src%3Dsearch",
    "search_query":"virgin coconut oil",
    "weight_kg":null,
    "price_per_kg":null,
    "0":"umum",
    "1":"vco"
  },
  {
    "_id":{
      "$oid":"68491d167013c07662ad90fe"
    },
    "timestamp_scrape":"2025-06-11T12:27:39.899200",
    "ecommerce":"Tokopedia",
    "product_name":"VCO Virgin Coconut Oil Minyak kelapa100% Murni.",
    "price_raw":"Rp14.500",
    "price_clean":14500.0,
    "shop_name":"NisaShop86_NEW",
    "sold_count_raw":"100+ terjual",
    "sold_count_clean":100.0,
    "product_url":"https:\/\/www.tokopedia.com\/tokonisashop86\/vco-virgin-coconut-oil-minyak-kelapa100-murni-100-ml?extParam=ivf%3Dfalse%26keyword%3Dvirgin+coconut+oil%26src%3Dsearch",
    "search_query":"virgin coconut oil",
    "weight_kg":null,
    "price_per_kg":null,
    "0":"umum",
    "1":"lain"
  },
  {
    "_id":{
      "$oid":"68491d167013c07662ad90ff"
    },
    "timestamp_scrape":"2025-06-11T12:27:40.487388",
    "ecommerce":"Tokopedia",
    "product_name":"Vco Virgin Coconut Oil SR12 Minyak Kelapa Murni isi 250ml",
    "price_raw":"Rp87.000",
    "price_clean":87000.0,
    "shop_name":"Charmbeauty.id",
    "sold_count_raw":"8 terjual",
    "sold_count_clean":8.0,
    "product_url":"https:\/\/www.tokopedia.com\/charmbeauty\/vco-virgin-coconut-oil-sr12-minyak-kelapa-murni-isi-250ml?extParam=ivf%3Dfalse%26keyword%3Dvirgin+coconut+oil%26src%3Dsearch",
    "search_query":"virgin coconut oil",
    "weight_kg":0.25,
    "price_per_kg":348000.0,
    "0":"umum",
    "1":"vco"
  },
  {
    "_id":{
      "$oid":"68491d167013c07662ad9100"
    },
    "timestamp_scrape":"2025-06-11T12:27:41.096078",
    "ecommerce":"Tokopedia",
    "product_name":"VCO EXTRA VIRGIN COCONUT OIL 1000ML | VICO | MINYAK KELAPA 100% MURNI",
    "price_raw":"Rp150.000",
    "price_clean":150000.0,
    "shop_name":"Ustsmaniherbal",
    "sold_count_raw":"4 terjual",
    "sold_count_clean":4.0,
    "product_url":"https:\/\/www.tokopedia.com\/usmani1\/vco-extra-virgin-coconut-oil-1000ml-vico-minyak-kelapa-100-murni?extParam=ivf%3Dfalse%26keyword%3Dvirgin+coconut+oil%26src%3Dsearch",
    "search_query":"virgin coconut oil",
    "weight_kg":1.0,
    "price_per_kg":150000.0,
    "0":"umum",
    "1":"vco"
  },
  {
    "_id":{
      "$oid":"68491d167013c07662ad9103"
    },
    "timestamp_scrape":"2025-06-11T12:28:06.765560",
    "ecommerce":"Tokopedia",
    "product_name":"SR12 VCO Oil Capsul Produk Helbal Asli Minyak Kelapa Murni Virgin Coconut",
    "price_raw":"Rp43.500",
    "price_clean":43500.0,
    "shop_name":"Overhead Kick Store",
    "sold_count_raw":"6 terjual",
    "sold_count_clean":6.0,
    "product_url":"https:\/\/www.tokopedia.com\/overhead-kick-store\/sr12-vco-oil-capsul-produk-helbal-asli-minyak-kelapa-murni-virgin-coconut-1730962634104669626?extParam=ivf%3Dfalse%26keyword%3Dvirgin+coconut+oil%26src%3Dsearch",
    "search_query":"virgin coconut oil",
    "weight_kg":null,
    "price_per_kg":null,
    "0":"umum",
    "1":"vco"
  },
  {
    "_id":{
      "$oid":"68491d167013c07662ad9104"
    },
    "timestamp_scrape":"2025-06-11T12:28:07.356170",
    "ecommerce":"Tokopedia",
    "product_name":"terlaris kapsul VCO SYIFA Virgin Coconut Oil 100 Capsule",
    "price_raw":"Rp26.500",
    "price_clean":26500.0,
    "shop_name":"grosirhajidanherbal",
    "sold_count_raw":"7 terjual",
    "sold_count_clean":7.0,
    "product_url":"https:\/\/www.tokopedia.com\/binyahya\/terlaris-kapsul-vco-syifa-virgin-coconut-oil-100-capsule?extParam=ivf%3Dfalse%26keyword%3Dvirgin+coconut+oil%26src%3Dsearch",
    "search_query":"virgin coconut oil",
    "weight_kg":null,
    "price_per_kg":null,
    "0":"umum",
    "1":"vco"
  },
  {
    "_id":{
      "$oid":"68491d167013c07662ad9105"
    },
    "timestamp_scrape":"2025-06-11T12:28:07.945121",
    "ecommerce":"Tokopedia",
    "product_name":"VCO 30ml \/ Virgin Coconut Oil Hewan \/ Minyak Kelapa Murni",
    "price_raw":"Rp15.000",
    "price_clean":15000.0,
    "shop_name":"noviaglider",
    "sold_count_raw":"250+ terjual",
    "sold_count_clean":250.0,
    "product_url":"https:\/\/www.tokopedia.com\/noviaglider\/vco-30ml-virgin-coconut-oil-hewan-minyak-kelapa-murni-30ml-cbad3?extParam=ivf%3Dfalse%26keyword%3Dvirgin+coconut+oil%26src%3Dsearch",
    "search_query":"virgin coconut oil",
    "weight_kg":0.03,
    "price_per_kg":500000.0,
    "0":"umum",
    "1":"vco"
  },
  {
    "_id":{
      "$oid":"68491d167013c07662ad9106"
    },
    "timestamp_scrape":"2025-06-11T12:28:08.533046",
    "ecommerce":"Tokopedia",
    "product_name":"VCO Virgin Coconut Oil Minyak Kelapa Murni 100ML",
    "price_raw":"Rp29.000",
    "price_clean":29000.0,
    "shop_name":"Bandaracun_NEW",
    "sold_count_raw":"23 terjual",
    "sold_count_clean":23.0,
    "product_url":"https:\/\/www.tokopedia.com\/siladoshop\/vco-virgin-coconut-oil-minyak-kelapa-murni-100ml?extParam=ivf%3Dfalse%26keyword%3Dvirgin+coconut+oil%26src%3Dsearch",
    "search_query":"virgin coconut oil",
    "weight_kg":0.1,
    "price_per_kg":290000.0,
    "0":"umum",
    "1":"vco"
  },
  {
    "_id":{
      "$oid":"68491d167013c07662ad9107"
    },
    "timestamp_scrape":"2025-06-11T12:28:09.123515",
    "ecommerce":"Tokopedia",
    "product_name":"MINYAK KELAPA VCO Darusyifa(VIRGIN COCONUT OIL)125ML Botol",
    "price_raw":"Rp24.000",
    "price_clean":24000.0,
    "shop_name":"IKKI Mart",
    "sold_count_raw":"40+ terjual",
    "sold_count_clean":40.0,
    "product_url":"https:\/\/www.tokopedia.com\/ikki-mart\/minyak-kelapa-vco-darusyifa-virgin-coconut-oil-125ml-botol-1729967527354599790?extParam=ivf%3Dfalse%26keyword%3Dvirgin+coconut+oil%26src%3Dsearch",
    "search_query":"virgin coconut oil",
    "weight_kg":0.125,
    "price_per_kg":192000.0,
    "0":"umum",
    "1":"vco"
  },
  {
    "_id":{
      "$oid":"68491d167013c07662ad9108"
    },
    "timestamp_scrape":"2025-06-11T12:28:09.711276",
    "ecommerce":"Tokopedia",
    "product_name":"The Bossy Dog VCO Virgin Coconut Oil",
    "price_raw":"Rp45.000",
    "price_clean":45000.0,
    "shop_name":"The Bossy Dog",
    "sold_count_raw":"5 terjual",
    "sold_count_clean":5.0,
    "product_url":"https:\/\/www.tokopedia.com\/archive-the-bossydog\/the-bossy-dog-vco-virgin-coconut-oil?extParam=ivf%3Dfalse%26keyword%3Dvirgin+coconut+oil%26src%3Dsearch",
    "search_query":"virgin coconut oil",
    "weight_kg":null,
    "price_per_kg":null,
    "0":"umum",
    "1":"vco"
  },
  {
    "_id":{
      "$oid":"68491d167013c07662ad9109"
    },
    "timestamp_scrape":"2025-06-11T12:28:10.297546",
    "ecommerce":"Tokopedia",
    "product_name":"Rainbow natural vco 60ml - Virgin coconut oil multi vitamin",
    "price_raw":"Rp16.637",
    "price_clean":16637.0,
    "shop_name":"Petshop Citayam",
    "sold_count_raw":"8 terjual",
    "sold_count_clean":8.0,
    "product_url":"https:\/\/www.tokopedia.com\/artomoropetshop\/rainbow-natural-vco-60ml-virgin-coconut-oil-multi-vitamin?extParam=ivf%3Dfalse%26keyword%3Dvirgin+coconut+oil%26src%3Dsearch",
    "search_query":"virgin coconut oil",
    "weight_kg":0.06,
    "price_per_kg":277283.3333333334,
    "0":"hewan",
    "1":"vco"
  },
  {
    "_id":{
      "$oid":"68491d167013c07662ad910a"
    },
    "timestamp_scrape":"2025-06-11T12:28:10.884924",
    "ecommerce":"Tokopedia",
    "product_name":"VIRGIN COCONUT OIL 250ML UNTUK BAYI UNTUK RAMBUT 1 LITER SUKA MPASI IK",
    "price_raw":"Rp37.000",
    "price_clean":37000.0,
    "shop_name":"Dailymartid",
    "sold_count_raw":"3 terjual",
    "sold_count_clean":3.0,
    "product_url":"https:\/\/www.tokopedia.com\/dailymartid8\/virgin-coconut-oil-250ml-untuk-bayi-untuk-rambut-1-liter-suka-mpasi-ik?extParam=ivf%3Dfalse%26keyword%3Dvirgin+coconut+oil%26src%3Dsearch",
    "search_query":"virgin coconut oil",
    "weight_kg":0.25,
    "price_per_kg":148000.0,
    "0":"umum",
    "1":"vco"
  },
  {
    "_id":{
      "$oid":"68491d167013c07662ad910b"
    },
    "timestamp_scrape":"2025-06-11T12:28:11.485625",
    "ecommerce":"Tokopedia",
    "product_name":"Virgin Coconut Oil - Untuk Kesehatan Rambut & Kulit Anjing & Kucing 25",
    "price_raw":"Rp25.000",
    "price_clean":25000.0,
    "shop_name":"Candi Pet Supplier",
    "sold_count_raw":"6 terjual",
    "sold_count_clean":6.0,
    "product_url":"https:\/\/www.tokopedia.com\/candipetshop\/virgin-coconut-oil-untuk-kesehatan-rambut-kulit-anjing-kucing-25?extParam=ivf%3Dfalse%26keyword%3Dvirgin+coconut+oil%26src%3Dsearch",
    "search_query":"virgin coconut oil",
    "weight_kg":null,
    "price_per_kg":null,
    "0":"umum",
    "1":"vco"
  },
  {
    "_id":{
      "$oid":"68491d167013c07662ad910c"
    },
    "timestamp_scrape":"2025-06-11T12:28:12.107962",
    "ecommerce":"Tokopedia",
    "product_name":"vco oil virgin coconut oil minyak kelapa minyak vco",
    "price_raw":"Rp25.000",
    "price_clean":25000.0,
    "shop_name":"Fur you Cathealth",
    "sold_count_raw":"100+ terjual",
    "sold_count_clean":100.0,
    "product_url":"https:\/\/www.tokopedia.com\/fur-you\/vco-oil-virgin-coconut-oil-minyak-kelapa-minyak-vco?extParam=ivf%3Dfalse%26keyword%3Dvirgin+coconut+oil%26src%3Dsearch",
    "search_query":"virgin coconut oil",
    "weight_kg":null,
    "price_per_kg":null,
    "0":"umum",
    "1":"vco"
  },
  {
    "_id":{
      "$oid":"68491d167013c07662ad910d"
    },
    "timestamp_scrape":"2025-06-11T12:28:12.703832",
    "ecommerce":"Tokopedia",
    "product_name":"Happy Green Minyak Virgin Coconut Oil (VCO) 30 ml Murni Carrier Oil",
    "price_raw":"Rp50.000",
    "price_clean":50000.0,
    "shop_name":"Happy Green Garden - SBY",
    "sold_count_raw":"19 terjual",
    "sold_count_clean":19.0,
    "product_url":"https:\/\/www.tokopedia.com\/hggsurabaya\/happy-green-minyak-virgin-coconut-oil-vco-30-ml-murni-carrier-oil?extParam=ivf%3Dfalse%26keyword%3Dvirgin+coconut+oil%26src%3Dsearch",
    "search_query":"virgin coconut oil",
    "weight_kg":0.03,
    "price_per_kg":1666666.6666666667,
    "0":"umum",
    "1":"lain"
  },
  {
    "_id":{
      "$oid":"68491d167013c07662ad9110"
    },
    "timestamp_scrape":"2025-06-11T12:28:39.793869",
    "ecommerce":"Tokopedia",
    "product_name":"Niura Extra Virgin Coconut Oil (500ml)",
    "price_raw":"Rp60.000",
    "price_clean":60000.0,
    "shop_name":"Nuts For Coconuts",
    "sold_count_raw":"500+ terjual",
    "sold_count_clean":500.0,
    "product_url":"https:\/\/www.tokopedia.com\/nutsforcoconuts\/niura-extra-virgin-coconut-oil-500ml?extParam=ivf%3Dfalse%26keyword%3Dvirgin+coconut+oil%26src%3Dsearch",
    "search_query":"virgin coconut oil",
    "weight_kg":0.5,
    "price_per_kg":120000.0,
    "0":"umum",
    "1":"lain"
  },
  {
    "_id":{
      "$oid":"68491d167013c07662ad9111"
    },
    "timestamp_scrape":"2025-06-11T12:28:40.381587",
    "ecommerce":"Tokopedia",
    "product_name":"Vico Bagoes - Virgin Coconut Oil VCO \/ Minyak Kelapa Murni (60 mL)",
    "price_raw":"Rp29.500",
    "price_clean":29500.0,
    "shop_name":"Aneka Grocery",
    "sold_count_raw":"1 terjual",
    "sold_count_clean":1.0,
    "product_url":"https:\/\/www.tokopedia.com\/anekagrocery\/vico-bagoes-virgin-coconut-oil-vco-minyak-kelapa-murni-60-ml?extParam=ivf%3Dfalse%26keyword%3Dvirgin+coconut+oil%26src%3Dsearch",
    "search_query":"virgin coconut oil",
    "weight_kg":0.06,
    "price_per_kg":491666.6666666667,
    "0":"umum",
    "1":"lain"
  },
  {
    "_id":{
      "$oid":"68491d167013c07662ad9112"
    },
    "timestamp_scrape":"2025-06-11T12:28:40.969557",
    "ecommerce":"Tokopedia",
    "product_name":"Minyak Kelapa Asli Virgin Coconut Oil Vco SR12 Imun Booster Daya Tahan",
    "price_raw":"Rp33.000",
    "price_clean":33000.0,
    "shop_name":"King Fatih Shop",
    "sold_count_raw":"12 terjual",
    "sold_count_clean":12.0,
    "product_url":"https:\/\/www.tokopedia.com\/kingfatihshop\/minyak-kelapa-asli-virgin-coconut-oil-vco-sr12-imun-booster-daya-tahan-vco-oil-60ml-5ae4e?extParam=ivf%3Dfalse%26keyword%3Dvirgin+coconut+oil%26src%3Dsearch",
    "search_query":"virgin coconut oil",
    "weight_kg":null,
    "price_per_kg":null,
    "0":"umum",
    "1":"vco"
  },
  {
    "_id":{
      "$oid":"68491d167013c07662ad9113"
    },
    "timestamp_scrape":"2025-06-11T12:28:41.559612",
    "ecommerce":"Tokopedia",
    "product_name":"VCO Virgin Coconut Oil | Minyak Kelapa Murni 100% Ori 250 ml",
    "price_raw":"Rp29.000",
    "price_clean":29000.0,
    "shop_name":"Herbal Healing Official",
    "sold_count_raw":"10 terjual",
    "sold_count_clean":10.0,
    "product_url":"https:\/\/www.tokopedia.com\/herbalhealingofficial\/vco-virgin-coconut-oil-minyak-kelapa-murni-100-ori-250-ml?extParam=ivf%3Dfalse%26keyword%3Dvirgin+coconut+oil%26src%3Dsearch",
    "search_query":"virgin coconut oil",
    "weight_kg":0.25,
    "price_per_kg":116000.0,
    "0":"umum",
    "1":"vco"
  },
  {
    "_id":{
      "$oid":"68491d167013c07662ad9114"
    },
    "timestamp_scrape":"2025-06-11T12:28:42.146369",
    "ecommerce":"Tokopedia",
    "product_name":"OBAT&VITAMIN VIRGIN COCONUT OIL 25ML [MENGOBATI JAMUR]",
    "price_raw":"Rp14.000",
    "price_clean":14000.0,
    "shop_name":"kompetshop",
    "sold_count_raw":"3 terjual",
    "sold_count_clean":3.0,
    "product_url":"https:\/\/www.tokopedia.com\/kompetshop\/obat-vitamin-virgin-coconut-oil-25ml-mengobati-jamur?extParam=ivf%3Dfalse%26keyword%3Dvirgin+coconut+oil%26src%3Dsearch",
    "search_query":"virgin coconut oil",
    "weight_kg":0.025,
    "price_per_kg":560000.0,
    "0":"umum",
    "1":"vco"
  },
  {
    "_id":{
      "$oid":"68491d167013c07662ad9115"
    },
    "timestamp_scrape":"2025-06-11T12:28:42.737807",
    "ecommerce":"Tokopedia",
    "product_name":"VCO Oil - Organic Virgin Coconut Oil - Minyak Kelapa Murni 100% Asli Pure Food Grade Original Organik Premium Quality Minyak Kletik Klentik Herbal Imun Booster Suplemen Kesehatan",
    "price_raw":"Rp45.000",
    "price_clean":45000.0,
    "shop_name":"FANDA TRUST FACTORY",
    "sold_count_raw":"6 terjual",
    "sold_count_clean":6.0,
    "product_url":"https:\/\/www.tokopedia.com\/fandatrustfactory\/vco-oil-organic-virgin-coconut-oil-minyak-kelapa-murni-100-asli-pure-food-grade-original-organik-premium-quality-minyak-kletik-klentik-herbal-imun-booster-suplemen-kesehatan?extParam=ivf%3Dfalse%26keyword%3Dvirgin+coconut+oil%26src%3Dsearch",
    "search_query":"virgin coconut oil",
    "weight_kg":null,
    "price_per_kg":null,
    "0":"hewan",
    "1":"vco"
  },
  {
    "_id":{
      "$oid":"68491d167013c07662ad9116"
    },
    "timestamp_scrape":"2025-06-11T12:28:43.329111",
    "ecommerce":"Tokopedia",
    "product_name":"Buku Taklukan penyakit dengan VCO virgin coconut oil",
    "price_raw":"Rp17.000",
    "price_clean":17000.0,
    "shop_name":"Kinitanya_books",
    "sold_count_raw":"2 terjual",
    "sold_count_clean":2.0,
    "product_url":"https:\/\/www.tokopedia.com\/kinitanyabooks\/buku-taklukan-penyakit-dengan-vco-virgin-coconut-oil?extParam=ivf%3Dfalse%26keyword%3Dvirgin+coconut+oil%26src%3Dsearch",
    "search_query":"virgin coconut oil",
    "weight_kg":null,
    "price_per_kg":null,
    "0":"umum",
    "1":"vco"
  },
  {
    "_id":{
      "$oid":"68491d167013c07662ad9117"
    },
    "timestamp_scrape":"2025-06-11T12:28:43.930752",
    "ecommerce":"Tokopedia",
    "product_name":"Ikan Dorang - Virgin Coconut Oil (VCO) 300 mL - Multipack 12 pcs",
    "price_raw":"Rp940.000",
    "price_clean":940000.0,
    "shop_name":"Ikan Dorang_NEW",
    "sold_count_raw":"1 terjual",
    "sold_count_clean":1.0,
    "product_url":"https:\/\/www.tokopedia.com\/archive-ptikandorang\/ikan-dorang-virgin-coconut-oil-vco-300-ml-multipack-12-pcs?extParam=ivf%3Dfalse%26keyword%3Dvirgin+coconut+oil%26src%3Dsearch",
    "search_query":"virgin coconut oil",
    "weight_kg":0.3,
    "price_per_kg":3133333.3333333335,
    "0":"umum",
    "1":"lain"
  },
  {
    "_id":{
      "$oid":"68491d167013c07662ad9118"
    },
    "timestamp_scrape":"2025-06-11T12:28:44.525876",
    "ecommerce":"Tokopedia",
    "product_name":"VCO AMDHA 125ml |Virgin Coconut Oil 125ml EL MEDINAH",
    "price_raw":"Rp27.500",
    "price_clean":27500.0,
    "shop_name":"Ankesh Garam Himalaya",
    "sold_count_raw":"5 terjual",
    "sold_count_clean":5.0,
    "product_url":"https:\/\/www.tokopedia.com\/ankesh\/vco-amdha-125ml-virgin-coconut-oil-125ml-el-medinah?extParam=ivf%3Dfalse%26keyword%3Dvirgin+coconut+oil%26src%3Dsearch",
    "search_query":"virgin coconut oil",
    "weight_kg":0.125,
    "price_per_kg":220000.0,
    "0":"umum",
    "1":"vco"
  },
  {
    "_id":{
      "$oid":"68491d167013c07662ad9119"
    },
    "timestamp_scrape":"2025-06-11T12:28:45.111812",
    "ecommerce":"Tokopedia",
    "product_name":"Remov Virgin Coconut Oil 20ml - Multivitamin Anjing & Kucing",
    "price_raw":"Rp27.000",
    "price_clean":27000.0,
    "shop_name":"Mandiri Pet Shop",
    "sold_count_raw":"1 terjual",
    "sold_count_clean":1.0,
    "product_url":"https:\/\/www.tokopedia.com\/mandiripets\/remov-virgin-coconut-oil-20ml-multivitamin-anjing-kucing-1730942534510413602?extParam=ivf%3Dfalse%26keyword%3Dvirgin+coconut+oil%26src%3Dsearch",
    "search_query":"virgin coconut oil",
    "weight_kg":0.02,
    "price_per_kg":1350000.0,
    "0":"umum",
    "1":"lain"
  },
  {
    "_id":{
      "$oid":"68491d167013c07662ad911a"
    },
    "timestamp_scrape":"2025-06-11T12:28:45.703278",
    "ecommerce":"Tokopedia",
    "product_name":"Natural Moisturizer\/Pelembab - NIURA Virgin Coconut Oil (VCO) - 100mL",
    "price_raw":"Rp25.000",
    "price_clean":25000.0,
    "shop_name":"Nuts For Coconuts",
    "sold_count_raw":"100+ terjual",
    "sold_count_clean":100.0,
    "product_url":"https:\/\/www.tokopedia.com\/nutsforcoconuts\/natural-moisturizerpelembab-niura-virgin-coconut-oil-vco-100ml?extParam=ivf%3Dfalse%26keyword%3Dvirgin+coconut+oil%26src%3Dsearch",
    "search_query":"virgin coconut oil",
    "weight_kg":0.1,
    "price_per_kg":250000.0,
    "0":"umum",
    "1":"vco"
  },
  {
    "_id":{
      "$oid":"68491d167013c07662ad911d"
    },
    "timestamp_scrape":"2025-06-11T12:29:12.613148",
    "ecommerce":"Tokopedia",
    "product_name":"VCO ORGANIC AL BADR 125ML Virgin coconut oil organic",
    "price_raw":"Rp24.000",
    "price_clean":24000.0,
    "shop_name":"NabKa store",
    "sold_count_raw":"100+ terjual",
    "sold_count_clean":100.0,
    "product_url":"https:\/\/www.tokopedia.com\/pembalutherbalam\/vco-organic-al-badr-125ml-virgin-coconut-oil-organic?extParam=ivf%3Dfalse%26keyword%3Dvirgin+coconut+oil%26src%3Dsearch",
    "search_query":"virgin coconut oil",
    "weight_kg":0.125,
    "price_per_kg":192000.0,
    "0":"umum",
    "1":"vco"
  },
  {
    "_id":{
      "$oid":"68491d167013c07662ad911e"
    },
    "timestamp_scrape":"2025-06-11T12:29:13.203853",
    "ecommerce":"Tokopedia",
    "product_name":"Virgin Coconut Oil 500 ml Pure VCO Minyak Kelapa Murni Original",
    "price_raw":"Rp91.000",
    "price_clean":91000.0,
    "shop_name":"Lady Freya",
    "sold_count_raw":"2 terjual",
    "sold_count_clean":2.0,
    "product_url":"https:\/\/www.tokopedia.com\/ladyfreya\/virgin-coconut-oil-500-ml-pure-vco-minyak-kelapa-murni-original?extParam=ivf%3Dfalse%26keyword%3Dvirgin+coconut+oil%26src%3Dsearch",
    "search_query":"virgin coconut oil",
    "weight_kg":0.5,
    "price_per_kg":182000.0,
    "0":"umum",
    "1":"vco"
  },
  {
    "_id":{
      "$oid":"68491d167013c07662ad911f"
    },
    "timestamp_scrape":"2025-06-11T12:29:13.789241",
    "ecommerce":"Tokopedia",
    "product_name":"Kapsul VCO Darusyifa | Virgin Coconut Oil 60kpsl",
    "price_raw":"Rp30.000",
    "price_clean":30000.0,
    "shop_name":"Pancoran Herbal Store",
    "sold_count_raw":"5 terjual",
    "sold_count_clean":5.0,
    "product_url":"https:\/\/www.tokopedia.com\/pancoran-herbal\/kapsul-vco-darusyifa-virgin-coconut-oil-60kpsl?extParam=ivf%3Dfalse%26keyword%3Dvirgin+coconut+oil%26src%3Dsearch",
    "search_query":"virgin coconut oil",
    "weight_kg":null,
    "price_per_kg":null,
    "0":"hewan",
    "1":"vco"
  },
  {
    "_id":{
      "$oid":"68491d167013c07662ad9120"
    },
    "timestamp_scrape":"2025-06-11T12:29:14.381738",
    "ecommerce":"Tokopedia",
    "product_name":"suada Vco virgin coconut oil k link l original produk k link",
    "price_raw":"Rp246.000",
    "price_clean":246000.0,
    "shop_name":"K LINK OFFICIAL STORE_",
    "sold_count_raw":"750+ terjual",
    "sold_count_clean":750.0,
    "product_url":"https:\/\/www.tokopedia.com\/klinkofficialstore\/suada-vco-virgin-coconut-oil-k-link-l-original-produk-k-link?extParam=ivf%3Dfalse%26keyword%3Dvirgin+coconut+oil%26src%3Dsearch",
    "search_query":"virgin coconut oil",
    "weight_kg":null,
    "price_per_kg":null,
    "0":"umum",
    "1":"vco"
  },
  {
    "_id":{
      "$oid":"68491d167013c07662ad9121"
    },
    "timestamp_scrape":"2025-06-11T12:29:14.971572",
    "ecommerce":"Tokopedia",
    "product_name":"VCO Virgin Coconut Oil Coco Olio 250 ml minyak kelapa murni Coco Olio",
    "price_raw":"Rp30.900",
    "price_clean":30900.0,
    "shop_name":"distributor vco",
    "sold_count_raw":"250+ terjual",
    "sold_count_clean":250.0,
    "product_url":"https:\/\/www.tokopedia.com\/vcomurni\/vco-virgin-coconut-oil-coco-olio-250-ml-minyak-kelapa-murni-coco-olio?extParam=ivf%3Dfalse%26keyword%3Dvirgin+coconut+oil%26src%3Dsearch",
    "search_query":"virgin coconut oil",
    "weight_kg":0.25,
    "price_per_kg":123600.0,
    "0":"umum",
    "1":"vco"
  },
  {
    "_id":{
      "$oid":"68491d167013c07662ad9122"
    },
    "timestamp_scrape":"2025-06-11T12:29:15.559136",
    "ecommerce":"Tokopedia",
    "product_name":"VIRGIN COCONUT OIL VCO NASA ORIGINAL",
    "price_raw":"Rp70.000",
    "price_clean":70000.0,
    "shop_name":"moreskin krim glowing",
    "sold_count_raw":"1 terjual",
    "sold_count_clean":1.0,
    "product_url":"https:\/\/www.tokopedia.com\/moreskinkrimglowing\/virgin-coconut-oil-vco-nasa-original?extParam=ivf%3Dfalse%26keyword%3Dvirgin+coconut+oil%26src%3Dsearch",
    "search_query":"virgin coconut oil",
    "weight_kg":null,
    "price_per_kg":null,
    "0":"umum",
    "1":"lain"
  },
  {
    "_id":{
      "$oid":"68491d167013c07662ad9123"
    },
    "timestamp_scrape":"2025-06-11T12:29:16.147305",
    "ecommerce":"Tokopedia",
    "product_name":"VCO Virgin Coconut Oil | Minyak Kelapa Murni Harmoni Asli \/ Original",
    "price_raw":"Rp17.000",
    "price_clean":17000.0,
    "shop_name":"Sanwa Shop Store",
    "sold_count_raw":"250+ terjual",
    "sold_count_clean":250.0,
    "product_url":"https:\/\/www.tokopedia.com\/sanwa\/vco-virgin-coconut-oil-minyak-kelapa-murni-harmoni-asli-original?extParam=ivf%3Dfalse%26keyword%3Dvirgin+coconut+oil%26src%3Dsearch",
    "search_query":"virgin coconut oil",
    "weight_kg":null,
    "price_per_kg":null,
    "0":"umum",
    "1":"vco"
  },
  {
    "_id":{
      "$oid":"68491d167013c07662ad9124"
    },
    "timestamp_scrape":"2025-06-11T12:29:16.739180",
    "ecommerce":"Tokopedia",
    "product_name":"VCO Virgin Coconut Oil 100 ml Obat Jamur scabies Hewan Kucing Anjing [KAHF PS]",
    "price_raw":"Rp10.295",
    "price_clean":10295.0,
    "shop_name":"Kahf PS Poultry Shop",
    "sold_count_raw":"14 terjual",
    "sold_count_clean":14.0,
    "product_url":"https:\/\/www.tokopedia.com\/kahf-ps-poultry-shop\/vco-virgin-coconut-oil-100-ml-obat-jamur-scabies-hewan-kucing-anjing-kahf-ps-1729715929597839441?extParam=ivf%3Dfalse%26keyword%3Dvirgin+coconut+oil%26src%3Dsearch",
    "search_query":"virgin coconut oil",
    "weight_kg":0.1,
    "price_per_kg":102950.0,
    "0":"umum",
    "1":"evco"
  },
  {
    "_id":{
      "$oid":"68491d167013c07662ad9125"
    },
    "timestamp_scrape":"2025-06-11T12:29:17.330064",
    "ecommerce":"Tokopedia",
    "product_name":"MINYAK KELAPA MURNI UNTUK ANJING KUCING 30ML - Virgin Coconut Oil - Mengobati Segala Permasalahan Kulit Hewan",
    "price_raw":"Rp24.153",
    "price_clean":24153.0,
    "shop_name":"Pawsitively The Best",
    "sold_count_raw":"12 terjual",
    "sold_count_clean":12.0,
    "product_url":"https:\/\/www.tokopedia.com\/pawsitivelythebest\/minyak-kelapa-murni-untuk-anjing-kucing-30ml-virgin-coconut-oil-mengobati-segala-permasalahan-kulit-hewan?extParam=ivf%3Dfalse%26keyword%3Dvirgin+coconut+oil%26src%3Dsearch",
    "search_query":"virgin coconut oil",
    "weight_kg":0.03,
    "price_per_kg":805100.0,
    "0":"umum",
    "1":"lain"
  },
  {
    "_id":{
      "$oid":"68491d167013c07662ad9126"
    },
    "timestamp_scrape":"2025-06-11T12:29:17.928517",
    "ecommerce":"Tokopedia",
    "product_name":"VCO virgin coconut oil for Dogs and Cats",
    "price_raw":"Rp25.000",
    "price_clean":25000.0,
    "shop_name":"Precious Pet Store",
    "sold_count_raw":"2 terjual",
    "sold_count_clean":2.0,
    "product_url":"https:\/\/www.tokopedia.com\/preciouspetstore\/vco-virgin-coconut-oil-for-dogs-and-cats?extParam=ivf%3Dfalse%26keyword%3Dvirgin+coconut+oil%26src%3Dsearch",
    "search_query":"virgin coconut oil",
    "weight_kg":null,
    "price_per_kg":null,
    "0":"umum",
    "1":"lain"
  },
  {
    "_id":{
      "$oid":"68491d167013c07662ad9127"
    },
    "timestamp_scrape":"2025-06-11T12:29:18.519444",
    "ecommerce":"Tokopedia",
    "product_name":"SUUR LEMOEN Extra Virgin Coconut Oil 250ml Minyak Kelapa Murni VCO 250ml Organik Premium - SUUR LEMOEN DISTRIBUTOR BEKASI",
    "price_raw":"Rp40.000",
    "price_clean":40000.0,
    "shop_name":"SUUR LEMOEN DISTRIBUTOR BEKASI",
    "sold_count_raw":"14 terjual",
    "sold_count_clean":14.0,
    "product_url":"https:\/\/www.tokopedia.com\/bintara-raya\/suur-lemoen-extra-virgin-coconut-oil-250ml-minyak-kelapa-murni-vco-250ml-organik-premium-suur-lemoen-distributor-bekasi-1730251495515785196?extParam=ivf%3Dfalse%26keyword%3Dvirgin+coconut+oil%26src%3Dsearch",
    "search_query":"virgin coconut oil",
    "weight_kg":0.25,
    "price_per_kg":160000.0,
    "0":"umum",
    "1":"evco"
  },
  {
    "_id":{
      "$oid":"68491d167013c07662ad912a"
    },
    "timestamp_scrape":"2025-06-11T12:29:53.079894",
    "ecommerce":"Tokopedia",
    "product_name":"Vco Virgin Coconut Oil SR12 Minyak Kelapa Murni isi 60ml",
    "price_raw":"Rp34.500",
    "price_clean":34500.0,
    "shop_name":"Charmbeauty.id",
    "sold_count_raw":"2 terjual",
    "sold_count_clean":2.0,
    "product_url":"https:\/\/www.tokopedia.com\/charmbeauty\/vco-virgin-coconut-oil-sr12-minyak-kelapa-murni-isi-60ml?extParam=ivf%3Dfalse%26keyword%3Dvirgin+coconut+oil%26src%3Dsearch",
    "search_query":"virgin coconut oil",
    "weight_kg":0.06,
    "price_per_kg":575000.0,
    "0":"umum",
    "1":"vco"
  },
  {
    "_id":{
      "$oid":"68491d167013c07662ad912b"
    },
    "timestamp_scrape":"2025-06-11T12:29:53.666107",
    "ecommerce":"Tokopedia",
    "product_name":"Extra Virgin Coconut Oil 30ml Benjamin's Bakehouse Minyak Kelapa EVCO",
    "price_raw":"Rp35.000",
    "price_clean":35000.0,
    "shop_name":"Benjamin's Bakehouse",
    "sold_count_raw":"16 terjual",
    "sold_count_clean":16.0,
    "product_url":"https:\/\/www.tokopedia.com\/benjaminsbakehouse\/extra-virgin-coconut-oil-30ml-benjamin-s-bakehouse-minyak-kelapa-evco?extParam=ivf%3Dfalse%26keyword%3Dvirgin+coconut+oil%26src%3Dsearch",
    "search_query":"virgin coconut oil",
    "weight_kg":0.03,
    "price_per_kg":1166666.6666666667,
    "0":"umum",
    "1":"vco"
  },
  {
    "_id":{
      "$oid":"68491d167013c07662ad912c"
    },
    "timestamp_scrape":"2025-06-11T12:29:54.250662",
    "ecommerce":"Tokopedia",
    "product_name":"Minyak Kelapa Murni VCO Virgin Coconut Oil Harmoni 250 Ml Promo Grosir",
    "price_raw":"Rp29.000",
    "price_clean":29000.0,
    "shop_name":"Herbal Healing Official",
    "sold_count_raw":"2 terjual",
    "sold_count_clean":2.0,
    "product_url":"https:\/\/www.tokopedia.com\/herbalhealingofficial\/minyak-kelapa-murni-vco-virgin-coconut-oil-harmoni-250-ml-promo-grosir?extParam=ivf%3Dfalse%26keyword%3Dvirgin+coconut+oil%26src%3Dsearch",
    "search_query":"virgin coconut oil",
    "weight_kg":0.25,
    "price_per_kg":116000.0,
    "0":"umum",
    "1":"vco"
  },
  {
    "_id":{
      "$oid":"68491d167013c07662ad912d"
    },
    "timestamp_scrape":"2025-06-11T12:29:54.834454",
    "ecommerce":"Tokopedia",
    "product_name":"Extra virgin Coconut Oil VCO Organty Premium Pure EVCO Murni Bahan 100% Original Cold Pressed Minyak Kelapa",
    "price_raw":"Rp21.000",
    "price_clean":21000.0,
    "shop_name":"Zahira Original",
    "sold_count_raw":"13 terjual",
    "sold_count_clean":13.0,
    "product_url":"https:\/\/www.tokopedia.com\/zahira-original\/extra-virgin-coconut-oil-vco-organty-premium-pure-evco-murni-bahan-100-original-cold-pressed-minyak-kelapa-1731124987339965471?extParam=ivf%3Dfalse%26keyword%3Dvirgin+coconut+oil%26src%3Dsearch",
    "search_query":"virgin coconut oil",
    "weight_kg":null,
    "price_per_kg":null,
    "0":"umum",
    "1":"vco"
  },
  {
    "_id":{
      "$oid":"68491d167013c07662ad912e"
    },
    "timestamp_scrape":"2025-06-11T12:29:55.421336",
    "ecommerce":"Tokopedia",
    "product_name":"VCO ( Virgin Coconut Oil ) \/ Minyak Kelapa Murni Harmoni isi 1 Lier",
    "price_raw":"Rp106.000",
    "price_clean":106000.0,
    "shop_name":"abdullah shop58",
    "sold_count_raw":"40+ terjual",
    "sold_count_clean":40.0,
    "product_url":"https:\/\/www.tokopedia.com\/abdullah-shop\/vco-virgin-coconut-oil-minyak-kelapa-murni-harmoni-isi-1-lier?extParam=ivf%3Dfalse%26keyword%3Dvirgin+coconut+oil%26src%3Dsearch",
    "search_query":"virgin coconut oil",
    "weight_kg":1.0,
    "price_per_kg":106000.0,
    "0":"umum",
    "1":"lain"
  },
  {
    "_id":{
      "$oid":"68491d167013c07662ad912f"
    },
    "timestamp_scrape":"2025-06-11T12:29:56.762047",
    "ecommerce":"Tokopedia",
    "product_name":"VIRGIN COCONUT OIL 250ML UNTUK BAYI UNTUK RAMBUT 1 LITER SUKA MPASI IK",
    "price_raw":"Rp37.000",
    "price_clean":37000.0,
    "shop_name":"Dailymartid",
    "sold_count_raw":"0 terjual",
    "sold_count_clean":0.0,
    "product_url":"https:\/\/www.tokopedia.com\/dailymartid8\/virgin-coconut-oil-250ml-untuk-bayi-untuk-rambut-1-liter-suka-mpasi-ik-1731640170093708357?extParam=ivf%3Dfalse%26keyword%3Dvirgin+coconut+oil%26src%3Dsearch",
    "search_query":"virgin coconut oil",
    "weight_kg":0.25,
    "price_per_kg":148000.0,
    "0":"umum",
    "1":"evco"
  },
  {
    "_id":{
      "$oid":"68491d167013c07662ad9130"
    },
    "timestamp_scrape":"2025-06-11T12:29:57.353919",
    "ecommerce":"Tokopedia",
    "product_name":"Termurah !!! 250ml - VCO (VIRGIN COCONUT OIL) \/ MINYAK KELAPA \/ KESEHATAN ANJING \/ SUPPLEMENT ANJING",
    "price_raw":"Rp166.000",
    "price_clean":166000.0,
    "shop_name":"KAMELIA STOR",
    "sold_count_raw":"1 terjual",
    "sold_count_clean":1.0,
    "product_url":"https:\/\/www.tokopedia.com\/kameliastor\/termurah-250ml-vco-virgin-coconut-oil-minyak-kelapa-kesehatan-anjing-supplement-anjing-1730886214024988648?extParam=ivf%3Dfalse%26keyword%3Dvirgin+coconut+oil%26src%3Dsearch",
    "search_query":"virgin coconut oil",
    "weight_kg":0.25,
    "price_per_kg":664000.0,
    "0":"hewan",
    "1":"vco"
  },
  {
    "_id":{
      "$oid":"68491d167013c07662ad9131"
    },
    "timestamp_scrape":"2025-06-11T12:29:57.941791",
    "ecommerce":"Tokopedia",
    "product_name":"VIRGIN COCONUT OIL 1000ML BAYI UNTUK RAMBUT 1 LITER SUKA MPASI IK",
    "price_raw":"Rp116.000",
    "price_clean":116000.0,
    "shop_name":"Dailymartid",
    "sold_count_raw":"1 terjual",
    "sold_count_clean":1.0,
    "product_url":"https:\/\/www.tokopedia.com\/dailymartid8\/virgin-coconut-oil-1000ml-bayi-untuk-rambut-1-liter-suka-mpasi-ik-1731568085590836293?extParam=ivf%3Dfalse%26keyword%3Dvirgin+coconut+oil%26src%3Dsearch",
    "search_query":"virgin coconut oil",
    "weight_kg":1.0,
    "price_per_kg":116000.0,
    "0":"hewan",
    "1":"vco"
  },
  {
    "_id":{
      "$oid":"68491d167013c07662ad9132"
    },
    "timestamp_scrape":"2025-06-11T12:29:58.530632",
    "ecommerce":"Tokopedia",
    "product_name":"Termurah !!! Poochlicious Virgin Coconut Oil VCO \/ Supplemen Anjing \/ Vitamin Anjing \/ Vitamin Bulu Anjing",
    "price_raw":"Rp149.000",
    "price_clean":149000.0,
    "shop_name":"KAMELIA STOR",
    "sold_count_raw":"8 terjual",
    "sold_count_clean":8.0,
    "product_url":"https:\/\/www.tokopedia.com\/kameliastor\/termurah-poochlicious-virgin-coconut-oil-vco-supplemen-anjing-vitamin-anjing-vitamin-bulu-anjing-1730886155887151080?extParam=ivf%3Dfalse%26keyword%3Dvirgin+coconut+oil%26src%3Dsearch",
    "search_query":"virgin coconut oil",
    "weight_kg":null,
    "price_per_kg":null,
    "0":"umum",
    "1":"lain"
  },
  {
    "_id":{
      "$oid":"68491d167013c07662ad9133"
    },
    "timestamp_scrape":"2025-06-11T12:29:59.119483",
    "ecommerce":"Tokopedia",
    "product_name":"Jusz Plus Cat Supplement Virgin Coconut Oil 60ml \/ Vitamin Kucing",
    "price_raw":"Rp61.219",
    "price_clean":61219.0,
    "shop_name":"Petshop Hemat Pet Shop",
    "sold_count_raw":"16 terjual",
    "sold_count_clean":16.0,
    "product_url":"https:\/\/www.tokopedia.com\/hematpetshop\/jusz-plus-cat-supplement-virgin-coconut-oil-60ml-vitamin-kucing?extParam=ivf%3Dfalse%26keyword%3Dvirgin+coconut+oil%26src%3Dsearch%26whid%3D17284047",
    "search_query":"virgin coconut oil",
    "weight_kg":0.06,
    "price_per_kg":1020316.6666666667,
    "0":"umum",
    "1":"lain"
  },
  {
    "_id":{
      "$oid":"68491d167013c07662ad9134"
    },
    "timestamp_scrape":"2025-06-11T12:29:59.709419",
    "ecommerce":"Tokopedia",
    "product_name":"Coco nano Extra Virgin Coconut Oil Cold Pressed Method 500gr",
    "price_raw":"Rp180.000",
    "price_clean":180000.0,
    "shop_name":"green court",
    "sold_count_raw":"30+ terjual",
    "sold_count_clean":30.0,
    "product_url":"https:\/\/www.tokopedia.com\/060286\/coco-nano-extra-virgin-coconut-oil-cold-pressed-method-500gr?extParam=ivf%3Dfalse%26keyword%3Dvirgin+coconut+oil%26src%3Dsearch",
    "search_query":"virgin coconut oil",
    "weight_kg":0.5,
    "price_per_kg":360000.0,
    "0":"umum",
    "1":"lain"
  },
  {
    "_id":{
      "$oid":"68491d167013c07662ad9137"
    },
    "timestamp_scrape":"2025-06-11T12:30:26.881723",
    "ecommerce":"Tokopedia",
    "product_name":"SULCATA V-OIL VITAMIN KURA-KURA DARAT FOOD SUPLEMENT TORTOISE MENINGKATKAN IMUNITAS MELANCARKAN PENCERNAAN MENGUATKAN TULANG MENJAGA KESEHATAN TEMPURUNG KARAPAS TORTO SULKATA ALDABRA PARDALIS VIRGIN COCONUT OIL REPTIL",
    "price_raw":"Rp9.000",
    "price_clean":9000.0,
    "shop_name":"REPTILESTORE. ID",
    "sold_count_raw":"5 terjual",
    "sold_count_clean":5.0,
    "product_url":"https:\/\/www.tokopedia.com\/reptilestore\/sulcata-v-oil-vitamin-kura-kura-darat-food-suplement-tortoise-meningkatkan-imunitas-melancarkan-pencernaan-menguatkan-tulang-menjaga-kesehatan-tempurung-karapas-torto-sulkata-aldabra-pardalis-virgin-coconut-oil-reptil?extParam=ivf%3Dfalse%26keyword%3Dvirgin+coconut+oil%26src%3Dsearch",
    "search_query":"virgin coconut oil",
    "weight_kg":null,
    "price_per_kg":null,
    "0":"umum",
    "1":"vco"
  },
  {
    "_id":{
      "$oid":"68491d167013c07662ad9138"
    },
    "timestamp_scrape":"2025-06-11T12:30:27.467258",
    "ecommerce":"Tokopedia",
    "product_name":"VIRGIN COCONUT OIL SPRAY \/ EXTRA VIRGIN COCONUT OIL 100ML  \/ VIRGIN COCONUT OIL 100ML \/ MINYAK KELAPA MURNI ASLI \/ MINYAK KELAPA MURNI ASLI UNTUK WAJAH \/ MINYAK KELAPA MURNI WANGI \/ MINYAK KELAPA MURNI UNTUK WAJAH \/ MINYAK KELAPA MURNI VCO",
    "price_raw":"Rp24.000",
    "price_clean":24000.0,
    "shop_name":"SyonStore",
    "sold_count_raw":"1 terjual",
    "sold_count_clean":1.0,
    "product_url":"https:\/\/www.tokopedia.com\/syonstore\/virgin-coconut-oil-spray-extra-virgin-coconut-oil-100ml-virgin-coconut-oil-100ml-minyak-kelapa-murni-asli-minyak-kelapa-murni-asli-untuk-wajah-minyak-kelapa-murni-wangi-minyak-kelapa-murni-untuk-wajah-minyak-kelapa-murni-vco-vco-spray-100-ml-c6c67?extParam=ivf%3Dfalse%26keyword%3Dvirgin+coconut+oil%26src%3Dsearch",
    "search_query":"virgin coconut oil",
    "weight_kg":0.1,
    "price_per_kg":240000.0,
    "0":"umum",
    "1":"evco"
  },
  {
    "_id":{
      "$oid":"68491d167013c07662ad9139"
    },
    "timestamp_scrape":"2025-06-11T12:30:28.824858",
    "ecommerce":"Tokopedia",
    "product_name":"GAYA HIDUP SEHAT DENGAN VIRGIN COCONUT OIL - DR IR WINARNO DARMOYUWONO",
    "price_raw":"Rp40.000",
    "price_clean":40000.0,
    "shop_name":"AFG TORUS.BOOKSTORE",
    "sold_count_raw":"0 terjual",
    "sold_count_clean":0.0,
    "product_url":"https:\/\/www.tokopedia.com\/afg-torusbookstore\/gaya-hidup-sehat-dengan-virgin-coconut-oil-dr-ir-winarno-darmoyuwono?extParam=ivf%3Dfalse%26keyword%3Dvirgin+coconut+oil%26src%3Dsearch",
    "search_query":"virgin coconut oil",
    "weight_kg":null,
    "price_per_kg":null,
    "0":"umum",
    "1":"vco"
  },
  {
    "_id":{
      "$oid":"68491d167013c07662ad913a"
    },
    "timestamp_scrape":"2025-06-11T12:30:29.415008",
    "ecommerce":"Tokopedia",
    "product_name":"VCO 125 ML VIRGIN COCONUT OIL",
    "price_raw":"Rp28.500",
    "price_clean":28500.0,
    "shop_name":"Goldenix",
    "sold_count_raw":"7 terjual",
    "sold_count_clean":7.0,
    "product_url":"https:\/\/www.tokopedia.com\/goldenix\/vco-125-ml-virgin-coconut-oil-1729658436144498013?extParam=ivf%3Dfalse%26keyword%3Dvirgin+coconut+oil%26src%3Dsearch",
    "search_query":"virgin coconut oil",
    "weight_kg":0.125,
    "price_per_kg":228000.0,
    "0":"hewan",
    "1":"vco"
  },
  {
    "_id":{
      "$oid":"68491d167013c07662ad913b"
    },
    "timestamp_scrape":"2025-06-11T12:30:30.019767",
    "ecommerce":"Tokopedia",
    "product_name":"Virgin Coconut Oil (VCO) By UMKM Empat Kelapa",
    "price_raw":"Rp25.000",
    "price_clean":25000.0,
    "shop_name":"Madu Point",
    "sold_count_raw":"12 terjual",
    "sold_count_clean":12.0,
    "product_url":"https:\/\/www.tokopedia.com\/madu-point\/virgin-coconut-oil-vco-by-umkm-empat-kelapa-100ml-natural?extParam=ivf%3Dfalse%26keyword%3Dvirgin+coconut+oil%26src%3Dsearch",
    "search_query":"virgin coconut oil",
    "weight_kg":null,
    "price_per_kg":null,
    "0":"umum",
    "1":"vco"
  },
  {
    "_id":{
      "$oid":"68491d167013c07662ad913c"
    },
    "timestamp_scrape":"2025-06-11T12:30:31.341679",
    "ecommerce":"Tokopedia",
    "product_name":"Termurah NUTIVER EXTRA VIRGIN COCONUT OIL | MINYAK VCO ANAK ANAK |",
    "price_raw":"Rp74.000",
    "price_clean":74000.0,
    "shop_name":"Lapak Tom Tom",
    "sold_count_raw":"0 terjual",
    "sold_count_clean":0.0,
    "product_url":"https:\/\/www.tokopedia.com\/lapaktomtom\/termurah-nutiver-extra-virgin-coconut-oil-minyak-vco-anak-anak?extParam=ivf%3Dfalse%26keyword%3Dvirgin+coconut+oil%26src%3Dsearch",
    "search_query":"virgin coconut oil",
    "weight_kg":null,
    "price_per_kg":null,
    "0":"umum",
    "1":"vco"
  },
  {
    "_id":{
      "$oid":"68491d167013c07662ad913d"
    },
    "timestamp_scrape":"2025-06-11T12:30:31.927223",
    "ecommerce":"Tokopedia",
    "product_name":"Vico Bagoes, Extra Virgin Coconut Oil 500ml",
    "price_raw":"Rp145.000",
    "price_clean":145000.0,
    "shop_name":"sepermaki",
    "sold_count_raw":"13 terjual",
    "sold_count_clean":13.0,
    "product_url":"https:\/\/www.tokopedia.com\/sepermaki\/vico-bagoes-extra-virgin-coconut-oil-500ml-1730837533229941944?extParam=ivf%3Dfalse%26keyword%3Dvirgin+coconut+oil%26src%3Dsearch",
    "search_query":"virgin coconut oil",
    "weight_kg":0.5,
    "price_per_kg":290000.0,
    "0":"umum",
    "1":"lain"
  },
  {
    "_id":{
      "$oid":"68491d167013c07662ad913e"
    },
    "timestamp_scrape":"2025-06-11T12:30:32.543981",
    "ecommerce":"Tokopedia",
    "product_name":"VCO Virgin Coconut Oil 250 ML Minyak kelapa Original",
    "price_raw":"Rp29.000",
    "price_clean":29000.0,
    "shop_name":"Herbal Propolis Store",
    "sold_count_raw":"16 terjual",
    "sold_count_clean":16.0,
    "product_url":"https:\/\/www.tokopedia.com\/herbal-jakarta\/vco-virgin-coconut-oil-250-ml-minyak-kelapa-original?extParam=ivf%3Dfalse%26keyword%3Dvirgin+coconut+oil%26src%3Dsearch",
    "search_query":"virgin coconut oil",
    "weight_kg":0.25,
    "price_per_kg":116000.0,
    "0":null,
    "1":null
  },
  {
    "_id":{
      "$oid":"68491d167013c07662ad913f"
    },
    "timestamp_scrape":"2025-06-11T12:30:33.132596",
    "ecommerce":"Tokopedia",
    "product_name":"Vico vco virgin coconut oil sr12 skincare minyak kelapa murni",
    "price_raw":"Rp58.500",
    "price_clean":58500.0,
    "shop_name":"ThreeQueen_NEW",
    "sold_count_raw":"1 terjual",
    "sold_count_clean":1.0,
    "product_url":"https:\/\/www.tokopedia.com\/sr12officialqueen-1\/vico-vco-virgin-coconut-oil-sr12-skincare-minyak-kelapa-murni-kapsul-100pcs?extParam=ivf%3Dfalse%26keyword%3Dvirgin+coconut+oil%26src%3Dsearch",
    "search_query":"virgin coconut oil",
    "weight_kg":null,
    "price_per_kg":null,
    "0":null,
    "1":null
  },
  {
    "_id":{
      "$oid":"68491d167013c07662ad9140"
    },
    "timestamp_scrape":"2025-06-11T12:30:33.716510",
    "ecommerce":"Tokopedia",
    "product_name":"Nutiver Extra Virgin Coconut Oil \/ Pure & Premium VCO 1000 ML \/ 1 Liter - Minyak Kelapa Murni Original Jernih Tidak Berbau Sengit Best Seller",
    "price_raw":"Rp132.000",
    "price_clean":132000.0,
    "shop_name":"Kalandra mall",
    "sold_count_raw":"4 terjual",
    "sold_count_clean":4.0,
    "product_url":"https:\/\/www.tokopedia.com\/kmall-10\/nutiver-extra-virgin-coconut-oil-pure-premium-vco-1000-ml-1-liter-minyak-kelapa-murni-original-jernih-tidak-berbau-sengit-best-seller?extParam=ivf%3Dfalse%26keyword%3Dvirgin+coconut+oil%26src%3Dsearch",
    "search_query":"virgin coconut oil",
    "weight_kg":1.0,
    "price_per_kg":132000.0,
    "0":null,
    "1":null
  },
  {
    "_id":{
      "$oid":"68491d167013c07662ad9141"
    },
    "timestamp_scrape":"2025-06-11T12:30:34.463040",
    "ecommerce":"Tokopedia",
    "product_name":"Buku Virgin Coconut Oil (VCO): Pengaruhnya - BUKU KIMIA - BW",
    "price_raw":"Rp74.000",
    "price_clean":74000.0,
    "shop_name":"Deepublishstore",
    "sold_count_raw":"0 terjual",
    "sold_count_clean":0.0,
    "product_url":"https:\/\/www.tokopedia.com\/penerbitbukudeepublish\/buku-virgin-coconut-oil-vco-pengaruhnya-buku-kimia-bw?extParam=ivf%3Dfalse%26keyword%3Dvirgin+coconut+oil%26src%3Dsearch",
    "search_query":"virgin coconut oil",
    "weight_kg":null,
    "price_per_kg":null,
    "0":null,
    "1":null
  },
  {
    "_id":{
      "$oid":"68491d167013c07662ad9144"
    },
    "timestamp_scrape":"2025-06-11T12:31:00.770554",
    "ecommerce":"Tokopedia",
    "product_name":"VIRGIN COCONUT OIL VCO 120ML",
    "price_raw":"Rp22.500",
    "price_clean":22500.0,
    "shop_name":"Sejaati herbal",
    "sold_count_raw":"15 terjual",
    "sold_count_clean":15.0,
    "product_url":"https:\/\/www.tokopedia.com\/sjjt\/virgin-coconut-oil-vco-120ml?extParam=ivf%3Dfalse%26keyword%3Dvirgin+coconut+oil%26src%3Dsearch",
    "search_query":"virgin coconut oil",
    "weight_kg":0.12,
    "price_per_kg":187500.0,
    "0":null,
    "1":null
  },
  {
    "_id":{
      "$oid":"68491d167013c07662ad9145"
    },
    "timestamp_scrape":"2025-06-11T12:31:01.385923",
    "ecommerce":"Tokopedia",
    "product_name":"Vco Virgin Coconut Oil Super Organic An-Naafi 250ml",
    "price_raw":"Rp35.000",
    "price_clean":35000.0,
    "shop_name":"Berlian_Herbal Bekasi",
    "sold_count_raw":"13 terjual",
    "sold_count_clean":13.0,
    "product_url":"https:\/\/www.tokopedia.com\/berlianherbalcom\/vco-virgin-coconut-oil-super-organic-an-naafi-250ml?extParam=ivf%3Dfalse%26keyword%3Dvirgin+coconut+oil%26src%3Dsearch",
    "search_query":"virgin coconut oil",
    "weight_kg":0.25,
    "price_per_kg":140000.0,
    "0":null,
    "1":null
  },
  {
    "_id":{
      "$oid":"68491d167013c07662ad9146"
    },
    "timestamp_scrape":"2025-06-11T12:31:02.743865",
    "ecommerce":"Tokopedia",
    "product_name":"PETO VCO 100ML SPRAY - Obat Jamur Scabies Untuk Kucing Anjing Minyak VCO Virgin Coconut Oil",
    "price_raw":"Rp13.650",
    "price_clean":13650.0,
    "shop_name":"MASTER TERNAK PETSHOP POULTRYSHOP",
    "sold_count_raw":"0 terjual",
    "sold_count_clean":0.0,
    "product_url":"https:\/\/www.tokopedia.com\/master-ternak\/peto-vco-100ml-spray-obat-jamur-scabies-untuk-kucing-anjing-minyak-vco-virgin-coconut-oil?extParam=ivf%3Dfalse%26keyword%3Dvirgin+coconut+oil%26src%3Dsearch",
    "search_query":"virgin coconut oil",
    "weight_kg":0.1,
    "price_per_kg":136500.0,
    "0":null,
    "1":null
  },
  {
    "_id":{
      "$oid":"68491d167013c07662ad9147"
    },
    "timestamp_scrape":"2025-06-11T12:31:03.335050",
    "ecommerce":"Tokopedia",
    "product_name":"Lollillo Barkery - Virgin Coconut Oil \/ VCO 100ml",
    "price_raw":"Rp30.000",
    "price_clean":30000.0,
    "shop_name":"Cleo Pet Center",
    "sold_count_raw":"8 terjual",
    "sold_count_clean":8.0,
    "product_url":"https:\/\/www.tokopedia.com\/cleopets\/lollillo-barkery-virgin-coconut-oil-vco-100ml?extParam=ivf%3Dfalse%26keyword%3Dvirgin+coconut+oil%26src%3Dsearch",
    "search_query":"virgin coconut oil",
    "weight_kg":0.1,
    "price_per_kg":300000.0,
    "0":null,
    "1":null
  },
  {
    "_id":{
      "$oid":"68491d167013c07662ad9148"
    },
    "timestamp_scrape":"2025-06-11T12:31:03.942713",
    "ecommerce":"Tokopedia",
    "product_name":"Virgin Coconut Oil VCO Diet Keto Cold Pressed - Minyak Kelapa Murni",
    "price_raw":"Rp74.950",
    "price_clean":74950.0,
    "shop_name":"Cocomint Indonesia",
    "sold_count_raw":"250+ terjual",
    "sold_count_clean":250.0,
    "product_url":"https:\/\/www.tokopedia.com\/cocomintid\/virgin-coconut-oil-vco-diet-keto-cold-pressed-minyak-kelapa-murni-1729808716344625023?extParam=ivf%3Dfalse%26keyword%3Dvirgin+coconut+oil%26src%3Dsearch",
    "search_query":"virgin coconut oil",
    "weight_kg":null,
    "price_per_kg":null,
    "0":null,
    "1":null
  },
  {
    "_id":{
      "$oid":"68491d167013c07662ad9149"
    },
    "timestamp_scrape":"2025-06-11T12:31:04.533758",
    "ecommerce":"Tokopedia",
    "product_name":"Virgin Coconut Oil - Poppy & Paddy - Minyak Kelapa Murni 100% VCO",
    "price_raw":"Rp28.000",
    "price_clean":28000.0,
    "shop_name":"Poppy & Paddy",
    "sold_count_raw":"5 terjual",
    "sold_count_clean":5.0,
    "product_url":"https:\/\/www.tokopedia.com\/poppypaddy\/virgin-coconut-oil-poppy-paddy-minyak-kelapa-murni-100-vco?extParam=ivf%3Dfalse%26keyword%3Dvirgin+coconut+oil%26src%3Dsearch",
    "search_query":"virgin coconut oil",
    "weight_kg":null,
    "price_per_kg":null,
    "0":null,
    "1":null
  },
  {
    "_id":{
      "$oid":"68491d167013c07662ad914a"
    },
    "timestamp_scrape":"2025-06-11T12:31:05.122675",
    "ecommerce":"Tokopedia",
    "product_name":"virgin coconut oil albany",
    "price_raw":"Rp90.000",
    "price_clean":90000.0,
    "shop_name":"Narummi shop",
    "sold_count_raw":"4 terjual",
    "sold_count_clean":4.0,
    "product_url":"https:\/\/www.tokopedia.com\/nsh-10\/virgin-coconut-oil-albany?extParam=ivf%3Dfalse%26keyword%3Dvirgin+coconut+oil%26src%3Dsearch",
    "search_query":"virgin coconut oil",
    "weight_kg":null,
    "price_per_kg":null,
    "0":null,
    "1":null
  },
  {
    "_id":{
      "$oid":"68491d167013c07662ad914b"
    },
    "timestamp_scrape":"2025-06-11T12:31:05.719789",
    "ecommerce":"Tokopedia",
    "product_name":"VCO Mabruuk virgin coconut oil minyak kelapa dara murni original",
    "price_raw":"Rp23.500",
    "price_clean":23500.0,
    "shop_name":"Satuherbal Surabaya",
    "sold_count_raw":"27 terjual",
    "sold_count_clean":27.0,
    "product_url":"https:\/\/www.tokopedia.com\/satuherbal-surabaya\/vco-mabruuk-virgin-coconut-oil-minyak-kelapa-dara-murni-original?extParam=ivf%3Dfalse%26keyword%3Dvirgin+coconut+oil%26src%3Dsearch",
    "search_query":"virgin coconut oil",
    "weight_kg":null,
    "price_per_kg":null,
    "0":null,
    "1":null
  },
  {
    "_id":{
      "$oid":"68491d167013c07662ad914c"
    },
    "timestamp_scrape":"2025-06-11T12:31:06.321179",
    "ecommerce":"Tokopedia",
    "product_name":"PETO VCO 30ML SPRAY - Obat Jamur Scabies Untuk Kucing Anjing Minyak VCO Virgin Coconut Oil",
    "price_raw":"Rp7.098",
    "price_clean":7098.0,
    "shop_name":"RUMINESIA",
    "sold_count_raw":"12 terjual",
    "sold_count_clean":12.0,
    "product_url":"https:\/\/www.tokopedia.com\/ruminesia\/peto-vco-30ml-spray-obat-jamur-scabies-untuk-kucing-anjing-minyak-vco-virgin-coconut-oil?extParam=ivf%3Dfalse%26keyword%3Dvirgin+coconut+oil%26src%3Dsearch",
    "search_query":"virgin coconut oil",
    "weight_kg":0.03,
    "price_per_kg":236600.0,
    "0":null,
    "1":null
  },
  {
    "_id":{
      "$oid":"68491d167013c07662ad914d"
    },
    "timestamp_scrape":"2025-06-11T12:31:06.909528",
    "ecommerce":"Tokopedia",
    "product_name":"TORTOISE V-OIL VITAMIN KURA-KURA DARAT FOOD SUPLEMENT REPTILE SULCATA PARDALIS ALDABRA CHERRY HEAD MELANCARKAN PENCERNAAN MENGUATKAN TULANG MENINGKATKAN IMUNITAS MENJAGA KESEHATAN TEMPURUNG KARAPAS TORTO RADIATA YNIPHORA VIRGIN COCONUT OIL REPTIL",
    "price_raw":"Rp9.000",
    "price_clean":9000.0,
    "shop_name":"reptile store id_NEW",
    "sold_count_raw":"12 terjual",
    "sold_count_clean":12.0,
    "product_url":"https:\/\/www.tokopedia.com\/reptilestoreid\/tortoise-v-oil-vitamin-kura-kura-darat-food-suplement-reptile-sulcata-pardalis-aldabra-cherry-head-melancarkan-pencernaan-menguatkan-tulang-meningkatkan-imunitas-menjaga-kesehatan-tempurung-karapas-torto-radiata-yniphora-virgin-coconut-oil-reptil?extParam=ivf%3Dfalse%26keyword%3Dvirgin+coconut+oil%26src%3Dsearch",
    "search_query":"virgin coconut oil",
    "weight_kg":null,
    "price_per_kg":null,
    "0":null,
    "1":null
  },
  {
    "_id":{
      "$oid":"68491d167013c07662ad914e"
    },
    "timestamp_scrape":"2025-06-11T12:31:07.500572",
    "ecommerce":"Tokopedia",
    "product_name":"Izzy Virgin Coconut Oil 60ml - Minyak Kelapa Murni Hewan",
    "price_raw":"Rp20.000",
    "price_clean":20000.0,
    "shop_name":"Oryza Pet Care",
    "sold_count_raw":"1 terjual",
    "sold_count_clean":1.0,
    "product_url":"https:\/\/www.tokopedia.com\/opcid\/izzy-virgin-coconut-oil-60ml-minyak-kelapa-murni-hewan?extParam=ivf%3Dfalse%26keyword%3Dvirgin+coconut+oil%26src%3Dsearch",
    "search_query":"virgin coconut oil",
    "weight_kg":0.06,
    "price_per_kg":333333.3333333334,
    "0":null,
    "1":null
  },
  {
    "_id":{
      "$oid":"68491d167013c07662ad9151"
    },
    "timestamp_scrape":"2025-06-11T12:31:34.081532",
    "ecommerce":"Tokopedia",
    "product_name":"SIDOMUNCUL VIRGIN COCONUT OIL VCO | SUPLEMEN DAYA TAHAN TUBUH",
    "price_raw":"Rp105.000",
    "price_clean":105000.0,
    "shop_name":"Toko Obat Thay an tjan",
    "sold_count_raw":"3 terjual",
    "sold_count_clean":3.0,
    "product_url":"https:\/\/www.tokopedia.com\/thay\/sidomuncul-virgin-coconut-oil-vco-suplemen-daya-tahan-tubuh?extParam=ivf%3Dfalse%26keyword%3Dvirgin+coconut+oil%26src%3Dsearch",
    "search_query":"virgin coconut oil",
    "weight_kg":null,
    "price_per_kg":null,
    "0":null,
    "1":null
  },
  {
    "_id":{
      "$oid":"68491d167013c07662ad9152"
    },
    "timestamp_scrape":"2025-06-11T12:31:34.672196",
    "ecommerce":"Tokopedia",
    "product_name":"Javara VCO 250 Ml \/ Minyak Kelapa Murni \/ Virgin Coconut Oil",
    "price_raw":"Rp197.500",
    "price_clean":197500.0,
    "shop_name":"Rillahshop",
    "sold_count_raw":"1 terjual",
    "sold_count_clean":1.0,
    "product_url":"https:\/\/www.tokopedia.com\/rillahshop\/javara-vco-250-ml-minyak-kelapa-murni-virgin-coconut-oil?extParam=ivf%3Dfalse%26keyword%3Dvirgin+coconut+oil%26src%3Dsearch",
    "search_query":"virgin coconut oil",
    "weight_kg":0.25,
    "price_per_kg":790000.0,
    "0":null,
    "1":null
  },
  {
    "_id":{
      "$oid":"68491d167013c07662ad9153"
    },
    "timestamp_scrape":"2025-06-11T12:31:35.258786",
    "ecommerce":"Tokopedia",
    "product_name":"VCO Minyak Kelapa Murni - Premiun Virgin Coconut Oil Untuk Hewan",
    "price_raw":"Rp23.900",
    "price_clean":23900.0,
    "shop_name":"Jojo & Biboy Petshop",
    "sold_count_raw":"8 terjual",
    "sold_count_clean":8.0,
    "product_url":"https:\/\/www.tokopedia.com\/parapatgaleri\/vco-minyak-kelapa-murni-premiun-virgin-coconut-oil-untuk-hewan-1729722771898927883?extParam=ivf%3Dfalse%26keyword%3Dvirgin+coconut+oil%26src%3Dsearch",
    "search_query":"virgin coconut oil",
    "weight_kg":null,
    "price_per_kg":null,
    "0":null,
    "1":null
  },
  {
    "_id":{
      "$oid":"68491d167013c07662ad9154"
    },
    "timestamp_scrape":"2025-06-11T12:31:35.847777",
    "ecommerce":"Tokopedia",
    "product_name":"PETO VCO 30ML SPRAY - Obat Jamur Scabies Untuk Kucing Anjing Minyak VCO Virgin Coconut Oil",
    "price_raw":"Rp7.098",
    "price_clean":7098.0,
    "shop_name":"MASTER TERNAK PETSHOP POULTRYSHOP",
    "sold_count_raw":"4 terjual",
    "sold_count_clean":4.0,
    "product_url":"https:\/\/www.tokopedia.com\/master-ternak\/peto-vco-30ml-spray-obat-jamur-scabies-untuk-kucing-anjing-minyak-vco-virgin-coconut-oil?extParam=ivf%3Dfalse%26keyword%3Dvirgin+coconut+oil%26src%3Dsearch",
    "search_query":"virgin coconut oil",
    "weight_kg":0.03,
    "price_per_kg":236600.0,
    "0":null,
    "1":null
  },
  {
    "_id":{
      "$oid":"68491d167013c07662ad9155"
    },
    "timestamp_scrape":"2025-06-11T12:31:36.433941",
    "ecommerce":"Tokopedia",
    "product_name":"VCO 60 ml VCO Minyak Kelapa Murni Virgin Coconut Oil ORIGINAL",
    "price_raw":"Rp9.500",
    "price_clean":9500.0,
    "shop_name":"HERBAL CITY DISTRIBUTOR & PRODUSEN HERBAL TERMURAH",
    "sold_count_raw":"40+ terjual",
    "sold_count_clean":40.0,
    "product_url":"https:\/\/www.tokopedia.com\/herbal-city\/vco-60-ml-vco-minyak-kelapa-murni-virgin-coconut-oil-original?extParam=ivf%3Dfalse%26keyword%3Dvirgin+coconut+oil%26src%3Dsearch",
    "search_query":"virgin coconut oil",
    "weight_kg":0.06,
    "price_per_kg":158333.3333333333,
    "0":null,
    "1":null
  },
  {
    "_id":{
      "$oid":"68491d167013c07662ad9156"
    },
    "timestamp_scrape":"2025-06-11T12:31:37.035945",
    "ecommerce":"Tokopedia",
    "product_name":"SOVICO Virgin coconut oil 240ml (Minyak kelapa murni)",
    "price_raw":"Rp115.000",
    "price_clean":115000.0,
    "shop_name":"Food with Vita",
    "sold_count_raw":"100+ terjual",
    "sold_count_clean":100.0,
    "product_url":"https:\/\/www.tokopedia.com\/foodwithvita\/sovico-virgin-coconut-oil-240ml-minyak-kelapa-murni?extParam=ivf%3Dfalse%26keyword%3Dvirgin+coconut+oil%26src%3Dsearch",
    "search_query":"virgin coconut oil",
    "weight_kg":0.24,
    "price_per_kg":479166.6666666667,
    "0":null,
    "1":null
  },
  {
    "_id":{
      "$oid":"68491d167013c07662ad9157"
    },
    "timestamp_scrape":"2025-06-11T12:31:37.622409",
    "ecommerce":"Tokopedia",
    "product_name":"VCO Extra Virgin Coconut Oil 500ml Minyak Kelapa Murni Asli VCO Kualitas Terbaik",
    "price_raw":"Rp37.600",
    "price_clean":37600.0,
    "shop_name":"Juna Grosir",
    "sold_count_raw":"7 terjual",
    "sold_count_clean":7.0,
    "product_url":"https:\/\/www.tokopedia.com\/junagrosir\/vco-extra-virgin-coconut-oil-500ml-minyak-kelapa-murni-asli-vco-kualitas-terbaik?extParam=ivf%3Dfalse%26keyword%3Dvirgin+coconut+oil%26src%3Dsearch",
    "search_query":"virgin coconut oil",
    "weight_kg":0.5,
    "price_per_kg":75200.0,
    "0":null,
    "1":null
  },
  {
    "_id":{
      "$oid":"68491d167013c07662ad9158"
    },
    "timestamp_scrape":"2025-06-11T12:31:38.218866",
    "ecommerce":"Tokopedia",
    "product_name":"CONCOS VIRGIN COCONUT OIL 100ML Minyak Kelapa Murni",
    "price_raw":"Rp39.600",
    "price_clean":39600.0,
    "shop_name":"Papamama Babyshop",
    "sold_count_raw":"7 terjual",
    "sold_count_clean":7.0,
    "product_url":"https:\/\/www.tokopedia.com\/papamamababyshop\/concos-virgin-coconut-oil-100ml-minyak-kelapa-murni?extParam=ivf%3Dfalse%26keyword%3Dvirgin+coconut+oil%26src%3Dsearch",
    "search_query":"virgin coconut oil",
    "weight_kg":0.1,
    "price_per_kg":396000.0,
    "0":null,
    "1":null
  },
  {
    "_id":{
      "$oid":"68491d167013c07662ad9159"
    },
    "timestamp_scrape":"2025-06-11T12:31:38.815208",
    "ecommerce":"Tokopedia",
    "product_name":"Sabun Zaitun plus VCO Virgin Coconut Oil Jelita",
    "price_raw":"Rp3.600",
    "price_clean":3600.0,
    "shop_name":"Kerajaan Herbal",
    "sold_count_raw":"90+ terjual",
    "sold_count_clean":90.0,
    "product_url":"https:\/\/www.tokopedia.com\/kerajaanherbal\/sabun-zaitun-plus-vco-virgin-coconut-oil-jelita?extParam=ivf%3Dfalse%26keyword%3Dvirgin+coconut+oil%26src%3Dsearch",
    "search_query":"virgin coconut oil",
    "weight_kg":null,
    "price_per_kg":null,
    "0":null,
    "1":null
  },
  {
    "_id":{
      "$oid":"68491d167013c07662ad915a"
    },
    "timestamp_scrape":"2025-06-11T12:31:39.402012",
    "ecommerce":"Tokopedia",
    "product_name":"VCO ORGANIC AL BADR 500 ML Virgin coconut oil organic",
    "price_raw":"Rp86.000",
    "price_clean":86000.0,
    "shop_name":"GHJ On Line",
    "sold_count_raw":"1 terjual",
    "sold_count_clean":1.0,
    "product_url":"https:\/\/www.tokopedia.com\/ghj-on\/vco-organic-al-badr-500-ml-virgin-coconut-oil-organic?extParam=ivf%3Dfalse%26keyword%3Dvirgin+coconut+oil%26src%3Dsearch",
    "search_query":"virgin coconut oil",
    "weight_kg":0.5,
    "price_per_kg":172000.0,
    "0":null,
    "1":null
  },
  {
    "_id":{
      "$oid":"68491d167013c07662ad915b"
    },
    "timestamp_scrape":"2025-06-11T12:31:39.992854",
    "ecommerce":"Tokopedia",
    "product_name":"Raffs Pet Vco Virgin Coconut Oil Kucing Dan Anjing 60ml",
    "price_raw":"Rp17.900",
    "price_clean":17900.0,
    "shop_name":"Bolt Petshop",
    "sold_count_raw":"2 terjual",
    "sold_count_clean":2.0,
    "product_url":"https:\/\/www.tokopedia.com\/boltpetshop\/raffs-pet-vco-virgin-coconut-oil-kucing-dan-anjing-60ml?extParam=ivf%3Dfalse%26keyword%3Dvirgin+coconut+oil%26src%3Dsearch",
    "search_query":"virgin coconut oil",
    "weight_kg":0.06,
    "price_per_kg":298333.3333333334,
    "0":null,
    "1":null
  },
  {
    "_id":{
      "$oid":"68491d167013c07662ad915e"
    },
    "timestamp_scrape":"2025-06-11T12:32:06.419991",
    "ecommerce":"Tokopedia",
    "product_name":"ALAMI VCO 500 ML VIRGIN COCONUT OIL 100% ORIGINAL",
    "price_raw":"Rp57.499",
    "price_clean":57499.0,
    "shop_name":"alamiindonesia",
    "sold_count_raw":"7 terjual",
    "sold_count_clean":7.0,
    "product_url":"https:\/\/www.tokopedia.com\/alami-alam\/alami-vco-500-ml-virgin-coconut-oil-100-original-1731082020842866288?extParam=ivf%3Dfalse%26keyword%3Dvirgin+coconut+oil%26src%3Dsearch",
    "search_query":"virgin coconut oil",
    "weight_kg":0.5,
    "price_per_kg":114998.0,
    "0":null,
    "1":null
  },
  {
    "_id":{
      "$oid":"68491d167013c07662ad915f"
    },
    "timestamp_scrape":"2025-06-11T12:32:07.011345",
    "ecommerce":"Tokopedia",
    "product_name":"Sidomuncul Natural VCO Virgin Coconut Oil \/Memelihara kesehatan",
    "price_raw":"Rp89.125",
    "price_clean":89125.0,
    "shop_name":"Toko Aku Sehat",
    "sold_count_raw":"5 terjual",
    "sold_count_clean":5.0,
    "product_url":"https:\/\/www.tokopedia.com\/tokoakusehat\/sidomuncul-natural-vco-virgin-coconut-oil-memelihara-kesehatan?extParam=ivf%3Dfalse%26keyword%3Dvirgin+coconut+oil%26src%3Dsearch",
    "search_query":"virgin coconut oil",
    "weight_kg":null,
    "price_per_kg":null,
    "0":null,
    "1":null
  },
  {
    "_id":{
      "$oid":"68491d167013c07662ad9160"
    },
    "timestamp_scrape":"2025-06-11T12:32:07.594475",
    "ecommerce":"Tokopedia",
    "product_name":"PETO VCO 100ML POUR ON - Obat Jamur Scabies Untuk Kucing Anjing Minyak VCO Virgin Coconut Oil",
    "price_raw":"Rp11.960",
    "price_clean":11960.0,
    "shop_name":"PREMIX TERNAK",
    "sold_count_raw":"8 terjual",
    "sold_count_clean":8.0,
    "product_url":"https:\/\/www.tokopedia.com\/premixternak\/peto-vco-100ml-pour-on-obat-jamur-scabies-untuk-kucing-anjing-minyak-vco-virgin-coconut-oil?extParam=ivf%3Dfalse%26keyword%3Dvirgin+coconut+oil%26src%3Dsearch",
    "search_query":"virgin coconut oil",
    "weight_kg":0.1,
    "price_per_kg":119600.0,
    "0":null,
    "1":null
  },
  {
    "_id":{
      "$oid":"68491d167013c07662ad9161"
    },
    "timestamp_scrape":"2025-06-11T12:32:08.188364",
    "ecommerce":"Tokopedia",
    "product_name":"[ MINI VCO ] Pure Extra Virgin Coconut Oil 100ml - Ameena Minyak Kelapa Murni 100%",
    "price_raw":"Rp30.000",
    "price_clean":30000.0,
    "shop_name":"Ameena Official Shop",
    "sold_count_raw":"4 terjual",
    "sold_count_clean":4.0,
    "product_url":"https:\/\/www.tokopedia.com\/ameenaofficialshop\/mini-vco-pure-extra-virgin-coconut-oil-100ml-ameena-minyak-kelapa-murni-100?extParam=ivf%3Dfalse%26keyword%3Dvirgin+coconut+oil%26src%3Dsearch",
    "search_query":"virgin coconut oil",
    "weight_kg":0.1,
    "price_per_kg":300000.0,
    "0":null,
    "1":null
  },
  {
    "_id":{
      "$oid":"68491d167013c07662ad9162"
    },
    "timestamp_scrape":"2025-06-11T12:32:08.780136",
    "ecommerce":"Tokopedia",
    "product_name":"Extra Virgin Coconut Oil VCO \/ Minyak Kelapa Murni - 80ml Natural",
    "price_raw":"Rp19.000",
    "price_clean":19000.0,
    "shop_name":"KALATIKA",
    "sold_count_raw":"3 terjual",
    "sold_count_clean":3.0,
    "product_url":"https:\/\/www.tokopedia.com\/kalatika\/virgin-coconut-oil-vco-80ml-minyak-kelapa-murni-100?extParam=ivf%3Dfalse%26keyword%3Dvirgin+coconut+oil%26src%3Dsearch",
    "search_query":"virgin coconut oil",
    "weight_kg":0.08,
    "price_per_kg":237500.0,
    "0":null,
    "1":null
  },
  {
    "_id":{
      "$oid":"68491d167013c07662ad9163"
    },
    "timestamp_scrape":"2025-06-11T12:32:09.367311",
    "ecommerce":"Tokopedia",
    "product_name":"Virgin Coconut Oil 30ml dan 60ml by Pharmacie Organico - Minyak Organik untuk Menjaga Kulit Lembut dan Kilau - Mencerahkan",
    "price_raw":"Rp14.000",
    "price_clean":14000.0,
    "shop_name":"aurorataurus shop",
    "sold_count_raw":"7 terjual",
    "sold_count_clean":7.0,
    "product_url":"https:\/\/www.tokopedia.com\/aurorataurus-shop\/virgin-coconut-oil-30ml-dan-60ml-by-pharmacie-organico-minyak-organik-untuk-menjaga-kulit-lembut-dan-kilau-mencerahkan-1730336162787198889?extParam=ivf%3Dfalse%26keyword%3Dvirgin+coconut+oil%26src%3Dsearch",
    "search_query":"virgin coconut oil",
    "weight_kg":0.03,
    "price_per_kg":466666.6666666667,
    "0":null,
    "1":null
  },
  {
    "_id":{
      "$oid":"68491d167013c07662ad9164"
    },
    "timestamp_scrape":"2025-06-11T12:32:09.958429",
    "ecommerce":"Tokopedia",
    "product_name":"Ratu Lebah VCO Tunas Bening (Virgin Coconut Oil) 120ml [1 Botol]",
    "price_raw":"Rp26.000",
    "price_clean":26000.0,
    "shop_name":"Ratu Lebah Official Shop",
    "sold_count_raw":"4 terjual",
    "sold_count_clean":4.0,
    "product_url":"https:\/\/www.tokopedia.com\/ratulebahofficial\/ratu-lebah-vco-tunas-bening-virgin-coconut-oil-120ml-1-botol?extParam=ivf%3Dfalse%26keyword%3Dvirgin+coconut+oil%26src%3Dsearch",
    "search_query":"virgin coconut oil",
    "weight_kg":0.12,
    "price_per_kg":216666.6666666667,
    "0":null,
    "1":null
  },
  {
    "_id":{
      "$oid":"68491d167013c07662ad9165"
    },
    "timestamp_scrape":"2025-06-11T12:32:10.547683",
    "ecommerce":"Tokopedia",
    "product_name":"Castle - Bumbu Bunda Organic Coconut Cooking Oil - Extra Virgin Coconut Oil EVCO - Minyak Kelapa Bumbu BUnda",
    "price_raw":"Rp77.000",
    "price_clean":77000.0,
    "shop_name":"rumah sasya",
    "sold_count_raw":"1 terjual",
    "sold_count_clean":1.0,
    "product_url":"https:\/\/www.tokopedia.com\/mahesa2023\/castle-bumbu-bunda-organic-coconut-cooking-oil-extra-virgin-coconut-oil-evco-minyak-kelapa-bumbu-bunda-1731082734373275117?extParam=ivf%3Dfalse%26keyword%3Dvirgin+coconut+oil%26src%3Dsearch",
    "search_query":"virgin coconut oil",
    "weight_kg":null,
    "price_per_kg":null,
    "0":null,
    "1":null
  },
  {
    "_id":{
      "$oid":"68491d167013c07662ad9166"
    },
    "timestamp_scrape":"2025-06-11T12:32:11.136823",
    "ecommerce":"Tokopedia",
    "product_name":"Javara extra virgin coconut oil 250ml",
    "price_raw":"Rp155.000",
    "price_clean":155000.0,
    "shop_name":"Makmur Market MH",
    "sold_count_raw":"60+ terjual",
    "sold_count_clean":60.0,
    "product_url":"https:\/\/www.tokopedia.com\/makmur-market-mh\/javara-extra-virgin-coconut-oil-250ml?extParam=ivf%3Dfalse%26keyword%3Dvirgin+coconut+oil%26src%3Dsearch",
    "search_query":"virgin coconut oil",
    "weight_kg":0.25,
    "price_per_kg":620000.0,
    "0":null,
    "1":null
  },
  {
    "_id":{
      "$oid":"68491d167013c07662ad9167"
    },
    "timestamp_scrape":"2025-06-11T12:32:11.725328",
    "ecommerce":"Tokopedia",
    "product_name":"Swaratani - virgin coconut oil 250ml",
    "price_raw":"Rp45.000",
    "price_clean":45000.0,
    "shop_name":"swarataniofficial",
    "sold_count_raw":"17 terjual",
    "sold_count_clean":17.0,
    "product_url":"https:\/\/www.tokopedia.com\/swaratani\/swaratani-virgin-coconut-oil-250ml?extParam=ivf%3Dfalse%26keyword%3Dvirgin+coconut+oil%26src%3Dsearch",
    "search_query":"virgin coconut oil",
    "weight_kg":0.25,
    "price_per_kg":180000.0,
    "0":null,
    "1":null
  },
  {
    "_id":{
      "$oid":"68491d167013c07662ad9168"
    },
    "timestamp_scrape":"2025-06-11T12:32:12.316576",
    "ecommerce":"Tokopedia",
    "product_name":"Extra Virgin Coconut Oil EVCO 500ml Premium Minyak Kelapa Murni Cold-Pressed Livia Organic",
    "price_raw":"Rp64.900",
    "price_clean":64900.0,
    "shop_name":"Livia Organic",
    "sold_count_raw":"1 terjual",
    "sold_count_clean":1.0,
    "product_url":"https:\/\/www.tokopedia.com\/liviaorganic\/extra-virgin-coconut-oil-evco-500ml-premium-minyak-kelapa-murni-cold-pressed-livia-organic-1730933558239462745?extParam=ivf%3Dfalse%26keyword%3Dvirgin+coconut+oil%26src%3Dsearch",
    "search_query":"virgin coconut oil",
    "weight_kg":0.5,
    "price_per_kg":129800.0,
    "0":null,
    "1":null
  },
  {
    "_id":{
      "$oid":"68491d167013c07662ad916b"
    },
    "timestamp_scrape":"2025-06-11T12:32:47.538107",
    "ecommerce":"Tokopedia",
    "product_name":"PETO VCO SPRAY - Obat Jamur Scabies Untuk Kucing Anjing Minyak VCO Virgin Coconut Oil",
    "price_raw":"Rp7.098",
    "price_clean":7098.0,
    "shop_name":"MASTER TERNAK PETSHOP POULTRYSHOP",
    "sold_count_raw":"8 terjual",
    "sold_count_clean":8.0,
    "product_url":"https:\/\/www.tokopedia.com\/master-ternak\/peto-vco-spray-obat-jamur-scabies-untuk-kucing-anjing-minyak-vco-virgin-coconut-oil-30ml-2bef2?extParam=ivf%3Dfalse%26keyword%3Dvirgin+coconut+oil%26src%3Dsearch",
    "search_query":"virgin coconut oil",
    "weight_kg":null,
    "price_per_kg":null,
    "0":null,
    "1":null
  },
  {
    "_id":{
      "$oid":"68491d167013c07662ad916c"
    },
    "timestamp_scrape":"2025-06-11T12:32:48.127677",
    "ecommerce":"Tokopedia",
    "product_name":"MIRAEL Virgin Coconut Oil Spray Body Oil 10ml Innersweet",
    "price_raw":"Rp35.880",
    "price_clean":35880.0,
    "shop_name":"Innersweet",
    "sold_count_raw":"4 terjual",
    "sold_count_clean":4.0,
    "product_url":"https:\/\/www.tokopedia.com\/innersweet\/mirael-virgin-coconut-oil-spray-body-oil-10ml-innersweet-lemongrass?extParam=ivf%3Dfalse%26keyword%3Dvirgin+coconut+oil%26src%3Dsearch",
    "search_query":"virgin coconut oil",
    "weight_kg":0.01,
    "price_per_kg":3588000.0,
    "0":null,
    "1":null
  },
  {
    "_id":{
      "$oid":"68491d167013c07662ad916d"
    },
    "timestamp_scrape":"2025-06-11T12:32:48.717909",
    "ecommerce":"Tokopedia",
    "product_name":"Jujupaws Extra Virgin Coconut Oil VCO \/ minyak kelapa murni",
    "price_raw":"Rp25.000",
    "price_clean":25000.0,
    "shop_name":"Jujupaws Barkery tokopedia",
    "sold_count_raw":"4 terjual",
    "sold_count_clean":4.0,
    "product_url":"https:\/\/www.tokopedia.com\/jujupaws\/jujupaws-extra-virgin-coconut-oil-vco-minyak-kelapa-murni?extParam=ivf%3Dfalse%26keyword%3Dvirgin+coconut+oil%26src%3Dsearch",
    "search_query":"virgin coconut oil",
    "weight_kg":null,
    "price_per_kg":null,
    "0":null,
    "1":null
  },
  {
    "_id":{
      "$oid":"68491d167013c07662ad916e"
    },
    "timestamp_scrape":"2025-06-11T12:32:49.306114",
    "ecommerce":"Tokopedia",
    "product_name":"NATURE'S BOSS COCOHAN VCO 1000ml - EXTRA VIRGIN COCONUT OIL - MURNI -",
    "price_raw":"Rp217.000",
    "price_clean":217000.0,
    "shop_name":"Vitaminmurahdotcom",
    "sold_count_raw":"2 terjual",
    "sold_count_clean":2.0,
    "product_url":"https:\/\/www.tokopedia.com\/vitaminmurahcom\/nature-s-boss-cocohan-vco-1000ml-extra-virgin-coconut-oil-murni?extParam=ivf%3Dfalse%26keyword%3Dvirgin+coconut+oil%26src%3Dsearch",
    "search_query":"virgin coconut oil",
    "weight_kg":1.0,
    "price_per_kg":217000.0,
    "0":null,
    "1":null
  },
  {
    "_id":{
      "$oid":"68491d167013c07662ad916f"
    },
    "timestamp_scrape":"2025-06-11T12:32:49.897951",
    "ecommerce":"Tokopedia",
    "product_name":"Batrisyia Virgin Coconut Oil (VCO) Kapsul",
    "price_raw":"Rp57.420",
    "price_clean":57420.0,
    "shop_name":"Voltuz Florist",
    "sold_count_raw":"1 terjual",
    "sold_count_clean":1.0,
    "product_url":"https:\/\/www.tokopedia.com\/vicguevara\/batrisyia-virgin-coconut-oil-vco-kapsul?extParam=ivf%3Dfalse%26keyword%3Dvirgin+coconut+oil%26src%3Dsearch",
    "search_query":"virgin coconut oil",
    "weight_kg":null,
    "price_per_kg":null,
    "0":null,
    "1":null
  },
  {
    "_id":{
      "$oid":"68491d167013c07662ad9170"
    },
    "timestamp_scrape":"2025-06-11T12:32:50.489716",
    "ecommerce":"Tokopedia",
    "product_name":"Promo Virgin Coconut Oil VCO by herba bagoes Diskon",
    "price_raw":"Rp135.000",
    "price_clean":135000.0,
    "shop_name":"zulvan anharis",
    "sold_count_raw":"750+ terjual",
    "sold_count_clean":750.0,
    "product_url":"https:\/\/www.tokopedia.com\/zulvananharis\/promo-virgin-coconut-oil-vco-by-herba-bagoes-diskon?extParam=ivf%3Dfalse%26keyword%3Dvirgin+coconut+oil%26src%3Dsearch",
    "search_query":"virgin coconut oil",
    "weight_kg":null,
    "price_per_kg":null,
    "0":null,
    "1":null
  },
  {
    "_id":{
      "$oid":"68491d167013c07662ad9171"
    },
    "timestamp_scrape":"2025-06-11T12:32:51.090895",
    "ecommerce":"Tokopedia",
    "product_name":"250ML FINECO COCONUT OIL EXTRA VIRGIN, MINYAK - DEHEALTH SUPPLIES",
    "price_raw":"Rp72.150",
    "price_clean":72150.0,
    "shop_name":"NUMI Center",
    "sold_count_raw":"19 terjual",
    "sold_count_clean":19.0,
    "product_url":"https:\/\/www.tokopedia.com\/numicenter\/250ml-fineco-coconut-oil-extra-virgin-minyak-dehealth-supplies?extParam=ivf%3Dfalse%26keyword%3Dvirgin+coconut+oil%26src%3Dsearch%26whid%3D366982",
    "search_query":"virgin coconut oil",
    "weight_kg":0.25,
    "price_per_kg":288600.0,
    "0":null,
    "1":null
  },
  {
    "_id":{
      "$oid":"68491d167013c07662ad9172"
    },
    "timestamp_scrape":"2025-06-11T12:32:51.729824",
    "ecommerce":"Tokopedia",
    "product_name":"KELAPA 17 - EXTRA VIRGIN COCONUT OIL EVCO 250ML",
    "price_raw":"Rp65.000",
    "price_clean":65000.0,
    "shop_name":"eikoganic store",
    "sold_count_raw":"24 terjual",
    "sold_count_clean":24.0,
    "product_url":"https:\/\/www.tokopedia.com\/eikoganicstore\/kelapa-17-extra-virgin-coconut-oil-evco-250ml?extParam=ivf%3Dfalse%26keyword%3Dvirgin+coconut+oil%26src%3Dsearch",
    "search_query":"virgin coconut oil",
    "weight_kg":0.25,
    "price_per_kg":260000.0,
    "0":null,
    "1":null
  },
  {
    "_id":{
      "$oid":"68491d167013c07662ad9173"
    },
    "timestamp_scrape":"2025-06-11T12:32:52.327483",
    "ecommerce":"Tokopedia",
    "product_name":"SulyPaws Minyak VCO Virgin Coconut Oil Vitamin Kucing Anjing Anti Jamur Scabies Gatal",
    "price_raw":"Rp18.400",
    "price_clean":18400.0,
    "shop_name":"Suly Paws",
    "sold_count_raw":"27 terjual",
    "sold_count_clean":27.0,
    "product_url":"https:\/\/www.tokopedia.com\/sulypaws\/sulypaws-minyak-vco-virgin-coconut-oil-vitamin-kucing-anjing-anti-jamur-scabies-gatal-1730298544320185788?extParam=ivf%3Dfalse%26keyword%3Dvirgin+coconut+oil%26src%3Dsearch",
    "search_query":"virgin coconut oil",
    "weight_kg":null,
    "price_per_kg":null,
    "0":null,
    "1":null
  },
  {
    "_id":{
      "$oid":"68491d167013c07662ad9174"
    },
    "timestamp_scrape":"2025-06-11T12:32:52.918322",
    "ecommerce":"Tokopedia",
    "product_name":"VCO 20ml Virgin Coconut Oil ROYAL CARE Kucing Anjing | Vitamin Hewan VCO Kucing Murni Minyak Kelapa",
    "price_raw":"Rp34.900",
    "price_clean":34900.0,
    "shop_name":"Klinik Petshop_NEW",
    "sold_count_raw":"2 terjual",
    "sold_count_clean":2.0,
    "product_url":"https:\/\/www.tokopedia.com\/klinik-petshop\/vco-20ml-virgin-coconut-oil-royal-care-kucing-anjing-vitamin-hewan-vco-kucing-murni-minyak-kelapa-1730358834475664826?extParam=ivf%3Dfalse%26keyword%3Dvirgin+coconut+oil%26src%3Dsearch",
    "search_query":"virgin coconut oil",
    "weight_kg":0.02,
    "price_per_kg":1745000.0,
    "0":null,
    "1":null
  },
  {
    "_id":{
      "$oid":"68491d167013c07662ad9175"
    },
    "timestamp_scrape":"2025-06-11T12:32:53.666535",
    "ecommerce":"Tokopedia",
    "product_name":"Monograf Pengolahan Virgin Coconut Oil Metode Pengeringan HVS 70",
    "price_raw":"Rp61.000",
    "price_clean":61000.0,
    "shop_name":"Omviral Online Shop",
    "sold_count_raw":"0 terjual",
    "sold_count_clean":0.0,
    "product_url":"https:\/\/www.tokopedia.com\/omviralshop\/monograf-pengolahan-virgin-coconut-oil-metode-pengeringan-hvs-70?extParam=ivf%3Dfalse%26keyword%3Dvirgin+coconut+oil%26src%3Dsearch",
    "search_query":"virgin coconut oil",
    "weight_kg":null,
    "price_per_kg":null,
    "0":null,
    "1":null
  },
  {
    "_id":{
      "$oid":"68491d167013c07662ad9178"
    },
    "timestamp_scrape":"2025-06-11T12:33:19.977830",
    "ecommerce":"Tokopedia",
    "product_name":"Javara - Virgin Coconut Oil - 100 mL",
    "price_raw":"Rp214.000",
    "price_clean":214000.0,
    "shop_name":"TOKO MAKANAN ORGANIK",
    "sold_count_raw":"2 terjual",
    "sold_count_clean":2.0,
    "product_url":"https:\/\/www.tokopedia.com\/organikshopjak\/javara-virgin-coconut-oil-100-ml-1729756192238635643?extParam=ivf%3Dfalse%26keyword%3Dvirgin+coconut+oil%26src%3Dsearch",
    "search_query":"virgin coconut oil",
    "weight_kg":0.1,
    "price_per_kg":2140000.0,
    "0":null,
    "1":null
  },
  {
    "_id":{
      "$oid":"68491d167013c07662ad9179"
    },
    "timestamp_scrape":"2025-06-11T12:33:20.566839",
    "ecommerce":"Tokopedia",
    "product_name":"Bodhi Tree Organic Virgin Coconut Body & Massage Oil - Tantric Love",
    "price_raw":"Rp260.900",
    "price_clean":260900.0,
    "shop_name":"Ailia Naturals",
    "sold_count_raw":"13 terjual",
    "sold_count_clean":13.0,
    "product_url":"https:\/\/www.tokopedia.com\/ailianaturals\/bodhi-tree-organic-virgin-coconut-body-massage-oil-tantric-love?extParam=ivf%3Dfalse%26keyword%3Dvirgin+coconut+oil%26src%3Dsearch",
    "search_query":"virgin coconut oil",
    "weight_kg":null,
    "price_per_kg":null,
    "0":null,
    "1":null
  },
  {
    "_id":{
      "$oid":"68491d167013c07662ad917a"
    },
    "timestamp_scrape":"2025-06-11T12:33:21.179070",
    "ecommerce":"Tokopedia",
    "product_name":"Virgin Coconut Oil VCO 500ml | Minyak Kelapa Anjing Kucing",
    "price_raw":"Rp60.000",
    "price_clean":60000.0,
    "shop_name":"Bathtime Story Pet Shop",
    "sold_count_raw":"40+ terjual",
    "sold_count_clean":40.0,
    "product_url":"https:\/\/www.tokopedia.com\/btspetshop\/virgin-coconut-oil-vco-500ml-minyak-kelapa-anjing-kucing-250ml?extParam=ivf%3Dfalse%26keyword%3Dvirgin+coconut+oil%26src%3Dsearch",
    "search_query":"virgin coconut oil",
    "weight_kg":0.5,
    "price_per_kg":120000.0,
    "0":null,
    "1":null
  },
  {
    "_id":{
      "$oid":"68491d167013c07662ad917b"
    },
    "timestamp_scrape":"2025-06-11T12:33:21.769819",
    "ecommerce":"Tokopedia",
    "product_name":"NEW Minyak Kelapa Murni Javara 250 ML Virgin Coconut Oil - Botol Plastik",
    "price_raw":"Rp335.000",
    "price_clean":335000.0,
    "shop_name":"advstore 911",
    "sold_count_raw":"2 terjual",
    "sold_count_clean":2.0,
    "product_url":"https:\/\/www.tokopedia.com\/advstor-2\/new-minyak-kelapa-murni-javara-250-ml-virgin-coconut-oil-botol-plastik-1730425975344694660?extParam=ivf%3Dfalse%26keyword%3Dvirgin+coconut+oil%26src%3Dsearch",
    "search_query":"virgin coconut oil",
    "weight_kg":0.25,
    "price_per_kg":1340000.0,
    "0":null,
    "1":null
  },
  {
    "_id":{
      "$oid":"68491d167013c07662ad917c"
    },
    "timestamp_scrape":"2025-06-11T12:33:22.358304",
    "ecommerce":"Tokopedia",
    "product_name":"VCO Virgin Coconut Oil rasa Mint \/ Diet Keto 250ml",
    "price_raw":"Rp40.000",
    "price_clean":40000.0,
    "shop_name":"Athoifah Store",
    "sold_count_raw":"2 terjual",
    "sold_count_clean":2.0,
    "product_url":"https:\/\/www.tokopedia.com\/athoifahstore\/vco-virgin-coconut-oil-rasa-mint-diet-keto-250ml?extParam=ivf%3Dfalse%26keyword%3Dvirgin+coconut+oil%26src%3Dsearch",
    "search_query":"virgin coconut oil",
    "weight_kg":0.25,
    "price_per_kg":160000.0,
    "0":null,
    "1":null
  },
  {
    "_id":{
      "$oid":"68491d167013c07662ad917d"
    },
    "timestamp_scrape":"2025-06-11T12:33:22.949682",
    "ecommerce":"Tokopedia",
    "product_name":"Nutrifarm Extra Virgin Coconut Oil \/ EVCO Nutrifarm \/ Minyat Kelapa Murni \/ VCO Premium Halal 250ml",
    "price_raw":"Rp53.500",
    "price_clean":53500.0,
    "shop_name":"Aludra MB",
    "sold_count_raw":"250+ terjual",
    "sold_count_clean":250.0,
    "product_url":"https:\/\/www.tokopedia.com\/aludramb\/nutrifarm-extra-virgin-coconut-oil-evco-nutrifarm-minyat-kelapa-murni-vco-premium-halal-250ml-1730867295314936901?extParam=ivf%3Dfalse%26keyword%3Dvirgin+coconut+oil%26src%3Dsearch",
    "search_query":"virgin coconut oil",
    "weight_kg":0.25,
    "price_per_kg":214000.0,
    "0":null,
    "1":null
  },
  {
    "_id":{
      "$oid":"68491d167013c07662ad917e"
    },
    "timestamp_scrape":"2025-06-11T12:33:23.538881",
    "ecommerce":"Tokopedia",
    "product_name":"VCO Virgin Coconut Oil 100 ml HIU",
    "price_raw":"Rp33.000",
    "price_clean":33000.0,
    "shop_name":"Pasar Pribumi",
    "sold_count_raw":"1 terjual",
    "sold_count_clean":1.0,
    "product_url":"https:\/\/www.tokopedia.com\/pasarpribumi\/vco-virgin-coconut-oil-100-ml-hiu?extParam=ivf%3Dfalse%26keyword%3Dvirgin+coconut+oil%26src%3Dsearch",
    "search_query":"virgin coconut oil",
    "weight_kg":0.1,
    "price_per_kg":330000.0,
    "0":null,
    "1":null
  },
  {
    "_id":{
      "$oid":"68491d167013c07662ad917f"
    },
    "timestamp_scrape":"2025-06-11T12:33:24.132288",
    "ecommerce":"Tokopedia",
    "product_name":"CATAPAW Virgin Coconut Oil Kucing Anjing \/ Vitamin Hewan Anti Jamur Scabies dan Bulu Halus \/ VCO Kucing Murni Minyak Kelapa 30ml",
    "price_raw":"Rp35.280",
    "price_clean":35280.0,
    "shop_name":"aziizstore8",
    "sold_count_raw":"100+ terjual",
    "sold_count_clean":100.0,
    "product_url":"https:\/\/www.tokopedia.com\/aziizstore8\/catapaw-virgin-coconut-oil-kucing-anjing-vitamin-hewan-anti-jamur-scabies-dan-bulu-halus-vco-kucing-murni-minyak-kelapa-30ml-1729909234649761145?extParam=ivf%3Dfalse%26keyword%3Dvirgin+coconut+oil%26src%3Dsearch",
    "search_query":"virgin coconut oil",
    "weight_kg":0.03,
    "price_per_kg":1176000.0,
    "0":null,
    "1":null
  },
  {
    "_id":{
      "$oid":"68491d167013c07662ad9180"
    },
    "timestamp_scrape":"2025-06-11T12:33:24.725600",
    "ecommerce":"Tokopedia",
    "product_name":"vco virgin coconut oil 100 kaplsul hiu anti virus",
    "price_raw":"Rp60.000",
    "price_clean":60000.0,
    "shop_name":"DEEMSHOP",
    "sold_count_raw":"10 terjual",
    "sold_count_clean":10.0,
    "product_url":"https:\/\/www.tokopedia.com\/deemsh\/vco-virgin-coconut-oil-100-kaplsul-hiu-anti-virus?extParam=ivf%3Dfalse%26keyword%3Dvirgin+coconut+oil%26src%3Dsearch",
    "search_query":"virgin coconut oil",
    "weight_kg":null,
    "price_per_kg":null,
    "0":null,
    "1":null
  },
  {
    "_id":{
      "$oid":"68491d167013c07662ad9181"
    },
    "timestamp_scrape":"2025-06-11T12:33:25.316454",
    "ecommerce":"Tokopedia",
    "product_name":"VIRGIN COCONUT OIL (VCO) Purecoco 1 Liter",
    "price_raw":"Rp108.000",
    "price_clean":108000.0,
    "shop_name":"Kedai Sehat Healthyfood Store",
    "sold_count_raw":"16 terjual",
    "sold_count_clean":16.0,
    "product_url":"https:\/\/www.tokopedia.com\/kedai-sehat-healthyfood-store\/virgin-coconut-oil-vco-purecoco-1-liter-1729633880086251639?extParam=ivf%3Dfalse%26keyword%3Dvirgin+coconut+oil%26src%3Dsearch",
    "search_query":"virgin coconut oil",
    "weight_kg":1.0,
    "price_per_kg":108000.0,
    "0":null,
    "1":null
  },
  {
    "_id":{
      "$oid":"68491d167013c07662ad9182"
    },
    "timestamp_scrape":"2025-06-11T12:33:25.907365",
    "ecommerce":"Tokopedia",
    "product_name":"SAVICO ORIGINAL SAGHA VIRGIN COCONUT OIL 250 ml",
    "price_raw":"Rp132.000",
    "price_clean":132000.0,
    "shop_name":"WINIPEDIA",
    "sold_count_raw":"12 terjual",
    "sold_count_clean":12.0,
    "product_url":"https:\/\/www.tokopedia.com\/winipedia\/savico-original-sagha-virgin-coconut-oil-250-ml?extParam=ivf%3Dfalse%26keyword%3Dvirgin+coconut+oil%26src%3Dsearch",
    "search_query":"virgin coconut oil",
    "weight_kg":0.25,
    "price_per_kg":528000.0,
    "0":null,
    "1":null
  },
  {
    "_id":null,
    "timestamp_scrape":null,
    "ecommerce":null,
    "product_name":null,
    "price_raw":null,
    "price_clean":null,
    "shop_name":null,
    "sold_count_raw":null,
    "sold_count_clean":null,
    "product_url":null,
    "search_query":null,
    "weight_kg":null,
    "price_per_kg":null,
    "0":"umum",
    "1":"vco"
  },
  {
    "_id":null,
    "timestamp_scrape":null,
    "ecommerce":null,
    "product_name":null,
    "price_raw":null,
    "price_clean":null,
    "shop_name":null,
    "sold_count_raw":null,
    "sold_count_clean":null,
    "product_url":null,
    "search_query":null,
    "weight_kg":null,
    "price_per_kg":null,
    "0":"umum",
    "1":"vco"
  },
  {
    "_id":null,
    "timestamp_scrape":null,
    "ecommerce":null,
    "product_name":null,
    "price_raw":null,
    "price_clean":null,
    "shop_name":null,
    "sold_count_raw":null,
    "sold_count_clean":null,
    "product_url":null,
    "search_query":null,
    "weight_kg":null,
    "price_per_kg":null,
    "0":"umum",
    "1":"lain"
  },
  {
    "_id":null,
    "timestamp_scrape":null,
    "ecommerce":null,
    "product_name":null,
    "price_raw":null,
    "price_clean":null,
    "shop_name":null,
    "sold_count_raw":null,
    "sold_count_clean":null,
    "product_url":null,
    "search_query":null,
    "weight_kg":null,
    "price_per_kg":null,
    "0":"umum",
    "1":"lain"
  },
  {
    "_id":null,
    "timestamp_scrape":null,
    "ecommerce":null,
    "product_name":null,
    "price_raw":null,
    "price_clean":null,
    "shop_name":null,
    "sold_count_raw":null,
    "sold_count_clean":null,
    "product_url":null,
    "search_query":null,
    "weight_kg":null,
    "price_per_kg":null,
    "0":"umum",
    "1":"vco"
  },
  {
    "_id":null,
    "timestamp_scrape":null,
    "ecommerce":null,
    "product_name":null,
    "price_raw":null,
    "price_clean":null,
    "shop_name":null,
    "sold_count_raw":null,
    "sold_count_clean":null,
    "product_url":null,
    "search_query":null,
    "weight_kg":null,
    "price_per_kg":null,
    "0":"umum",
    "1":"vco"
  },
  {
    "_id":null,
    "timestamp_scrape":null,
    "ecommerce":null,
    "product_name":null,
    "price_raw":null,
    "price_clean":null,
    "shop_name":null,
    "sold_count_raw":null,
    "sold_count_clean":null,
    "product_url":null,
    "search_query":null,
    "weight_kg":null,
    "price_per_kg":null,
    "0":"umum",
    "1":"vco"
  },
  {
    "_id":null,
    "timestamp_scrape":null,
    "ecommerce":null,
    "product_name":null,
    "price_raw":null,
    "price_clean":null,
    "shop_name":null,
    "sold_count_raw":null,
    "sold_count_clean":null,
    "product_url":null,
    "search_query":null,
    "weight_kg":null,
    "price_per_kg":null,
    "0":"hewan",
    "1":"vco"
  },
  {
    "_id":null,
    "timestamp_scrape":null,
    "ecommerce":null,
    "product_name":null,
    "price_raw":null,
    "price_clean":null,
    "shop_name":null,
    "sold_count_raw":null,
    "sold_count_clean":null,
    "product_url":null,
    "search_query":null,
    "weight_kg":null,
    "price_per_kg":null,
    "0":"umum",
    "1":"lain"
  },
  {
    "_id":null,
    "timestamp_scrape":null,
    "ecommerce":null,
    "product_name":null,
    "price_raw":null,
    "price_clean":null,
    "shop_name":null,
    "sold_count_raw":null,
    "sold_count_clean":null,
    "product_url":null,
    "search_query":null,
    "weight_kg":null,
    "price_per_kg":null,
    "0":"umum",
    "1":"vco"
  },
  {
    "_id":null,
    "timestamp_scrape":null,
    "ecommerce":null,
    "product_name":null,
    "price_raw":null,
    "price_clean":null,
    "shop_name":null,
    "sold_count_raw":null,
    "sold_count_clean":null,
    "product_url":null,
    "search_query":null,
    "weight_kg":null,
    "price_per_kg":null,
    "0":"umum",
    "1":"vco"
  },
  {
    "_id":null,
    "timestamp_scrape":null,
    "ecommerce":null,
    "product_name":null,
    "price_raw":null,
    "price_clean":null,
    "shop_name":null,
    "sold_count_raw":null,
    "sold_count_clean":null,
    "product_url":null,
    "search_query":null,
    "weight_kg":null,
    "price_per_kg":null,
    "0":"hewan",
    "1":"vco"
  },
  {
    "_id":null,
    "timestamp_scrape":null,
    "ecommerce":null,
    "product_name":null,
    "price_raw":null,
    "price_clean":null,
    "shop_name":null,
    "sold_count_raw":null,
    "sold_count_clean":null,
    "product_url":null,
    "search_query":null,
    "weight_kg":null,
    "price_per_kg":null,
    "0":"hewan",
    "1":"vco"
  },
  {
    "_id":null,
    "timestamp_scrape":null,
    "ecommerce":null,
    "product_name":null,
    "price_raw":null,
    "price_clean":null,
    "shop_name":null,
    "sold_count_raw":null,
    "sold_count_clean":null,
    "product_url":null,
    "search_query":null,
    "weight_kg":null,
    "price_per_kg":null,
    "0":"hewan",
    "1":"vco"
  },
  {
    "_id":null,
    "timestamp_scrape":null,
    "ecommerce":null,
    "product_name":null,
    "price_raw":null,
    "price_clean":null,
    "shop_name":null,
    "sold_count_raw":null,
    "sold_count_clean":null,
    "product_url":null,
    "search_query":null,
    "weight_kg":null,
    "price_per_kg":null,
    "0":"umum",
    "1":"lain"
  },
  {
    "_id":null,
    "timestamp_scrape":null,
    "ecommerce":null,
    "product_name":null,
    "price_raw":null,
    "price_clean":null,
    "shop_name":null,
    "sold_count_raw":null,
    "sold_count_clean":null,
    "product_url":null,
    "search_query":null,
    "weight_kg":null,
    "price_per_kg":null,
    "0":"umum",
    "1":"vco"
  },
  {
    "_id":null,
    "timestamp_scrape":null,
    "ecommerce":null,
    "product_name":null,
    "price_raw":null,
    "price_clean":null,
    "shop_name":null,
    "sold_count_raw":null,
    "sold_count_clean":null,
    "product_url":null,
    "search_query":null,
    "weight_kg":null,
    "price_per_kg":null,
    "0":"umum",
    "1":"vco"
  },
  {
    "_id":null,
    "timestamp_scrape":null,
    "ecommerce":null,
    "product_name":null,
    "price_raw":null,
    "price_clean":null,
    "shop_name":null,
    "sold_count_raw":null,
    "sold_count_clean":null,
    "product_url":null,
    "search_query":null,
    "weight_kg":null,
    "price_per_kg":null,
    "0":"hewan",
    "1":"vco"
  },
  {
    "_id":null,
    "timestamp_scrape":null,
    "ecommerce":null,
    "product_name":null,
    "price_raw":null,
    "price_clean":null,
    "shop_name":null,
    "sold_count_raw":null,
    "sold_count_clean":null,
    "product_url":null,
    "search_query":null,
    "weight_kg":null,
    "price_per_kg":null,
    "0":"umum",
    "1":"vco"
  },
  {
    "_id":null,
    "timestamp_scrape":null,
    "ecommerce":null,
    "product_name":null,
    "price_raw":null,
    "price_clean":null,
    "shop_name":null,
    "sold_count_raw":null,
    "sold_count_clean":null,
    "product_url":null,
    "search_query":null,
    "weight_kg":null,
    "price_per_kg":null,
    "0":"hewan",
    "1":"vco"
  },
  {
    "_id":null,
    "timestamp_scrape":null,
    "ecommerce":null,
    "product_name":null,
    "price_raw":null,
    "price_clean":null,
    "shop_name":null,
    "sold_count_raw":null,
    "sold_count_clean":null,
    "product_url":null,
    "search_query":null,
    "weight_kg":null,
    "price_per_kg":null,
    "0":"umum",
    "1":"vco"
  },
  {
    "_id":null,
    "timestamp_scrape":null,
    "ecommerce":null,
    "product_name":null,
    "price_raw":null,
    "price_clean":null,
    "shop_name":null,
    "sold_count_raw":null,
    "sold_count_clean":null,
    "product_url":null,
    "search_query":null,
    "weight_kg":null,
    "price_per_kg":null,
    "0":"hewan",
    "1":"lain"
  },
  {
    "_id":null,
    "timestamp_scrape":null,
    "ecommerce":null,
    "product_name":null,
    "price_raw":null,
    "price_clean":null,
    "shop_name":null,
    "sold_count_raw":null,
    "sold_count_clean":null,
    "product_url":null,
    "search_query":null,
    "weight_kg":null,
    "price_per_kg":null,
    "0":"umum",
    "1":"vco"
  },
  {
    "_id":null,
    "timestamp_scrape":null,
    "ecommerce":null,
    "product_name":null,
    "price_raw":null,
    "price_clean":null,
    "shop_name":null,
    "sold_count_raw":null,
    "sold_count_clean":null,
    "product_url":null,
    "search_query":null,
    "weight_kg":null,
    "price_per_kg":null,
    "0":"umum",
    "1":"vco"
  },
  {
    "_id":null,
    "timestamp_scrape":null,
    "ecommerce":null,
    "product_name":null,
    "price_raw":null,
    "price_clean":null,
    "shop_name":null,
    "sold_count_raw":null,
    "sold_count_clean":null,
    "product_url":null,
    "search_query":null,
    "weight_kg":null,
    "price_per_kg":null,
    "0":"umum",
    "1":"evco"
  },
  {
    "_id":null,
    "timestamp_scrape":null,
    "ecommerce":null,
    "product_name":null,
    "price_raw":null,
    "price_clean":null,
    "shop_name":null,
    "sold_count_raw":null,
    "sold_count_clean":null,
    "product_url":null,
    "search_query":null,
    "weight_kg":null,
    "price_per_kg":null,
    "0":"umum",
    "1":"vco"
  },
  {
    "_id":null,
    "timestamp_scrape":null,
    "ecommerce":null,
    "product_name":null,
    "price_raw":null,
    "price_clean":null,
    "shop_name":null,
    "sold_count_raw":null,
    "sold_count_clean":null,
    "product_url":null,
    "search_query":null,
    "weight_kg":null,
    "price_per_kg":null,
    "0":"hewan",
    "1":"vco"
  },
  {
    "_id":null,
    "timestamp_scrape":null,
    "ecommerce":null,
    "product_name":null,
    "price_raw":null,
    "price_clean":null,
    "shop_name":null,
    "sold_count_raw":null,
    "sold_count_clean":null,
    "product_url":null,
    "search_query":null,
    "weight_kg":null,
    "price_per_kg":null,
    "0":"hewan",
    "1":"vco"
  },
  {
    "_id":null,
    "timestamp_scrape":null,
    "ecommerce":null,
    "product_name":null,
    "price_raw":null,
    "price_clean":null,
    "shop_name":null,
    "sold_count_raw":null,
    "sold_count_clean":null,
    "product_url":null,
    "search_query":null,
    "weight_kg":null,
    "price_per_kg":null,
    "0":"umum",
    "1":"vco"
  },
  {
    "_id":null,
    "timestamp_scrape":null,
    "ecommerce":null,
    "product_name":null,
    "price_raw":null,
    "price_clean":null,
    "shop_name":null,
    "sold_count_raw":null,
    "sold_count_clean":null,
    "product_url":null,
    "search_query":null,
    "weight_kg":null,
    "price_per_kg":null,
    "0":"umum",
    "1":"vco"
  },
  {
    "_id":null,
    "timestamp_scrape":null,
    "ecommerce":null,
    "product_name":null,
    "price_raw":null,
    "price_clean":null,
    "shop_name":null,
    "sold_count_raw":null,
    "sold_count_clean":null,
    "product_url":null,
    "search_query":null,
    "weight_kg":null,
    "price_per_kg":null,
    "0":"umum",
    "1":"vco"
  },
  {
    "_id":null,
    "timestamp_scrape":null,
    "ecommerce":null,
    "product_name":null,
    "price_raw":null,
    "price_clean":null,
    "shop_name":null,
    "sold_count_raw":null,
    "sold_count_clean":null,
    "product_url":null,
    "search_query":null,
    "weight_kg":null,
    "price_per_kg":null,
    "0":"umum",
    "1":"vco"
  },
  {
    "_id":null,
    "timestamp_scrape":null,
    "ecommerce":null,
    "product_name":null,
    "price_raw":null,
    "price_clean":null,
    "shop_name":null,
    "sold_count_raw":null,
    "sold_count_clean":null,
    "product_url":null,
    "search_query":null,
    "weight_kg":null,
    "price_per_kg":null,
    "0":"umum",
    "1":"vco"
  },
  {
    "_id":null,
    "timestamp_scrape":null,
    "ecommerce":null,
    "product_name":null,
    "price_raw":null,
    "price_clean":null,
    "shop_name":null,
    "sold_count_raw":null,
    "sold_count_clean":null,
    "product_url":null,
    "search_query":null,
    "weight_kg":null,
    "price_per_kg":null,
    "0":"umum",
    "1":"vco"
  },
  {
    "_id":null,
    "timestamp_scrape":null,
    "ecommerce":null,
    "product_name":null,
    "price_raw":null,
    "price_clean":null,
    "shop_name":null,
    "sold_count_raw":null,
    "sold_count_clean":null,
    "product_url":null,
    "search_query":null,
    "weight_kg":null,
    "price_per_kg":null,
    "0":"umum",
    "1":"vco"
  },
  {
    "_id":null,
    "timestamp_scrape":null,
    "ecommerce":null,
    "product_name":null,
    "price_raw":null,
    "price_clean":null,
    "shop_name":null,
    "sold_count_raw":null,
    "sold_count_clean":null,
    "product_url":null,
    "search_query":null,
    "weight_kg":null,
    "price_per_kg":null,
    "0":"hewan",
    "1":"vco"
  },
  {
    "_id":null,
    "timestamp_scrape":null,
    "ecommerce":null,
    "product_name":null,
    "price_raw":null,
    "price_clean":null,
    "shop_name":null,
    "sold_count_raw":null,
    "sold_count_clean":null,
    "product_url":null,
    "search_query":null,
    "weight_kg":null,
    "price_per_kg":null,
    "0":"umum",
    "1":"vco"
  },
  {
    "_id":null,
    "timestamp_scrape":null,
    "ecommerce":null,
    "product_name":null,
    "price_raw":null,
    "price_clean":null,
    "shop_name":null,
    "sold_count_raw":null,
    "sold_count_clean":null,
    "product_url":null,
    "search_query":null,
    "weight_kg":null,
    "price_per_kg":null,
    "0":"umum",
    "1":"vco"
  },
  {
    "_id":null,
    "timestamp_scrape":null,
    "ecommerce":null,
    "product_name":null,
    "price_raw":null,
    "price_clean":null,
    "shop_name":null,
    "sold_count_raw":null,
    "sold_count_clean":null,
    "product_url":null,
    "search_query":null,
    "weight_kg":null,
    "price_per_kg":null,
    "0":"hewan",
    "1":"vco"
  },
  {
    "_id":null,
    "timestamp_scrape":null,
    "ecommerce":null,
    "product_name":null,
    "price_raw":null,
    "price_clean":null,
    "shop_name":null,
    "sold_count_raw":null,
    "sold_count_clean":null,
    "product_url":null,
    "search_query":null,
    "weight_kg":null,
    "price_per_kg":null,
    "0":"umum",
    "1":"evco"
  },
  {
    "_id":null,
    "timestamp_scrape":null,
    "ecommerce":null,
    "product_name":null,
    "price_raw":null,
    "price_clean":null,
    "shop_name":null,
    "sold_count_raw":null,
    "sold_count_clean":null,
    "product_url":null,
    "search_query":null,
    "weight_kg":null,
    "price_per_kg":null,
    "0":"umum",
    "1":"vco"
  },
  {
    "_id":null,
    "timestamp_scrape":null,
    "ecommerce":null,
    "product_name":null,
    "price_raw":null,
    "price_clean":null,
    "shop_name":null,
    "sold_count_raw":null,
    "sold_count_clean":null,
    "product_url":null,
    "search_query":null,
    "weight_kg":null,
    "price_per_kg":null,
    "0":"umum",
    "1":"vco"
  },
  {
    "_id":null,
    "timestamp_scrape":null,
    "ecommerce":null,
    "product_name":null,
    "price_raw":null,
    "price_clean":null,
    "shop_name":null,
    "sold_count_raw":null,
    "sold_count_clean":null,
    "product_url":null,
    "search_query":null,
    "weight_kg":null,
    "price_per_kg":null,
    "0":"umum",
    "1":"vco"
  },
  {
    "_id":null,
    "timestamp_scrape":null,
    "ecommerce":null,
    "product_name":null,
    "price_raw":null,
    "price_clean":null,
    "shop_name":null,
    "sold_count_raw":null,
    "sold_count_clean":null,
    "product_url":null,
    "search_query":null,
    "weight_kg":null,
    "price_per_kg":null,
    "0":"umum",
    "1":"vco"
  },
  {
    "_id":null,
    "timestamp_scrape":null,
    "ecommerce":null,
    "product_name":null,
    "price_raw":null,
    "price_clean":null,
    "shop_name":null,
    "sold_count_raw":null,
    "sold_count_clean":null,
    "product_url":null,
    "search_query":null,
    "weight_kg":null,
    "price_per_kg":null,
    "0":"umum",
    "1":"lain"
  },
  {
    "_id":null,
    "timestamp_scrape":null,
    "ecommerce":null,
    "product_name":null,
    "price_raw":null,
    "price_clean":null,
    "shop_name":null,
    "sold_count_raw":null,
    "sold_count_clean":null,
    "product_url":null,
    "search_query":null,
    "weight_kg":null,
    "price_per_kg":null,
    "0":"umum",
    "1":"vco"
  },
  {
    "_id":null,
    "timestamp_scrape":null,
    "ecommerce":null,
    "product_name":null,
    "price_raw":null,
    "price_clean":null,
    "shop_name":null,
    "sold_count_raw":null,
    "sold_count_clean":null,
    "product_url":null,
    "search_query":null,
    "weight_kg":null,
    "price_per_kg":null,
    "0":"umum",
    "1":"vco"
  },
  {
    "_id":null,
    "timestamp_scrape":null,
    "ecommerce":null,
    "product_name":null,
    "price_raw":null,
    "price_clean":null,
    "shop_name":null,
    "sold_count_raw":null,
    "sold_count_clean":null,
    "product_url":null,
    "search_query":null,
    "weight_kg":null,
    "price_per_kg":null,
    "0":"umum",
    "1":"evco"
  },
  {
    "_id":null,
    "timestamp_scrape":null,
    "ecommerce":null,
    "product_name":null,
    "price_raw":null,
    "price_clean":null,
    "shop_name":null,
    "sold_count_raw":null,
    "sold_count_clean":null,
    "product_url":null,
    "search_query":null,
    "weight_kg":null,
    "price_per_kg":null,
    "0":"umum",
    "1":"vco"
  },
  {
    "_id":null,
    "timestamp_scrape":null,
    "ecommerce":null,
    "product_name":null,
    "price_raw":null,
    "price_clean":null,
    "shop_name":null,
    "sold_count_raw":null,
    "sold_count_clean":null,
    "product_url":null,
    "search_query":null,
    "weight_kg":null,
    "price_per_kg":null,
    "0":"umum",
    "1":"vco"
  },
  {
    "_id":null,
    "timestamp_scrape":null,
    "ecommerce":null,
    "product_name":null,
    "price_raw":null,
    "price_clean":null,
    "shop_name":null,
    "sold_count_raw":null,
    "sold_count_clean":null,
    "product_url":null,
    "search_query":null,
    "weight_kg":null,
    "price_per_kg":null,
    "0":"umum",
    "1":"lain"
  },
  {
    "_id":null,
    "timestamp_scrape":null,
    "ecommerce":null,
    "product_name":null,
    "price_raw":null,
    "price_clean":null,
    "shop_name":null,
    "sold_count_raw":null,
    "sold_count_clean":null,
    "product_url":null,
    "search_query":null,
    "weight_kg":null,
    "price_per_kg":null,
    "0":"umum",
    "1":"vco"
  },
  {
    "_id":null,
    "timestamp_scrape":null,
    "ecommerce":null,
    "product_name":null,
    "price_raw":null,
    "price_clean":null,
    "shop_name":null,
    "sold_count_raw":null,
    "sold_count_clean":null,
    "product_url":null,
    "search_query":null,
    "weight_kg":null,
    "price_per_kg":null,
    "0":"hewan",
    "1":"vco"
  },
  {
    "_id":null,
    "timestamp_scrape":null,
    "ecommerce":null,
    "product_name":null,
    "price_raw":null,
    "price_clean":null,
    "shop_name":null,
    "sold_count_raw":null,
    "sold_count_clean":null,
    "product_url":null,
    "search_query":null,
    "weight_kg":null,
    "price_per_kg":null,
    "0":"umum",
    "1":"vco"
  },
  {
    "_id":null,
    "timestamp_scrape":null,
    "ecommerce":null,
    "product_name":null,
    "price_raw":null,
    "price_clean":null,
    "shop_name":null,
    "sold_count_raw":null,
    "sold_count_clean":null,
    "product_url":null,
    "search_query":null,
    "weight_kg":null,
    "price_per_kg":null,
    "0":"hewan",
    "1":"vco"
  },
  {
    "_id":null,
    "timestamp_scrape":null,
    "ecommerce":null,
    "product_name":null,
    "price_raw":null,
    "price_clean":null,
    "shop_name":null,
    "sold_count_raw":null,
    "sold_count_clean":null,
    "product_url":null,
    "search_query":null,
    "weight_kg":null,
    "price_per_kg":null,
    "0":"hewan",
    "1":"vco"
  },
  {
    "_id":null,
    "timestamp_scrape":null,
    "ecommerce":null,
    "product_name":null,
    "price_raw":null,
    "price_clean":null,
    "shop_name":null,
    "sold_count_raw":null,
    "sold_count_clean":null,
    "product_url":null,
    "search_query":null,
    "weight_kg":null,
    "price_per_kg":null,
    "0":"umum",
    "1":"lain"
  },
  {
    "_id":null,
    "timestamp_scrape":null,
    "ecommerce":null,
    "product_name":null,
    "price_raw":null,
    "price_clean":null,
    "shop_name":null,
    "sold_count_raw":null,
    "sold_count_clean":null,
    "product_url":null,
    "search_query":null,
    "weight_kg":null,
    "price_per_kg":null,
    "0":"hewan",
    "1":"vco"
  },
  {
    "_id":null,
    "timestamp_scrape":null,
    "ecommerce":null,
    "product_name":null,
    "price_raw":null,
    "price_clean":null,
    "shop_name":null,
    "sold_count_raw":null,
    "sold_count_clean":null,
    "product_url":null,
    "search_query":null,
    "weight_kg":null,
    "price_per_kg":null,
    "0":"umum",
    "1":"lain"
  }
]