[
  {
    "_id":{
      "$oid":"684908867013c07662ad8c1b"
    },
    "timestamp_scrape":"2025-06-11T11:17:56.007782",
    "ecommerce":"Tokopedia",
    "product_name":"Pureeland Organic Coconut Sugar \/ Gula Kelapa Organik",
    "price_raw":"Rp29.500",
    "price_clean":29500.0,
    "shop_name":"Pureeland",
    "location":"Lokasi tidak tersedia",
    "sold_count_raw":"1rb+ terjual",
    "sold_count_clean":1000.0,
    "product_url":"https:\/\/www.tokopedia.com\/pureeland\/pureeland-organic-coconut-sugar-gula-kelapa-organik-sugar-pouch-9957c?extParam=ivf%3Dfalse%26keyword%3Dcoconut+sugar%26search_id%3D2025061104173394F6D7E04A4D4535CFA6%26src%3Dsearch",
    "search_query":"coconut sugar",
    "weight_kg":null,
    "price_per_kg":null,
    "0":"lain",
    "1":"organik"
  },
  {
    "_id":{
      "$oid":"684908867013c07662ad8c1c"
    },
    "timestamp_scrape":"2025-06-11T11:17:56.603967",
    "ecommerce":"Tokopedia",
    "product_name":"KIS SNOW SUGAR 500 GRAM READY STOCK",
    "price_raw":"Rp14.400",
    "price_clean":14400.0,
    "shop_name":"ChefMate Chocolate",
    "location":"Lokasi tidak tersedia",
    "sold_count_raw":"50+ terjual",
    "sold_count_clean":50.0,
    "product_url":"https:\/\/www.tokopedia.com\/chefmatechocolate\/kis-snow-sugar-500-gram-ready-stock?extParam=ivf%3Dfalse%26keyword%3Dcoconut+sugar&src=topads",
    "search_query":"coconut sugar",
    "weight_kg":0.5,
    "price_per_kg":28800.0,
    "0":"lain",
    "1":"umum"
  },
  {
    "_id":{
      "$oid":"684908867013c07662ad8c1d"
    },
    "timestamp_scrape":"2025-06-11T11:17:57.194762",
    "ecommerce":"Tokopedia",
    "product_name":"Organic Coconut Sugar ( Gula Kelapa Manis Organik ) 500 Gr",
    "price_raw":"Rp30.000",
    "price_clean":30000.0,
    "shop_name":"The House Of Organix",
    "location":"Lokasi tidak tersedia",
    "sold_count_raw":"3rb+ terjual",
    "sold_count_clean":3000.0,
    "product_url":"https:\/\/www.tokopedia.com\/houseoforganix\/organic-coconut-sugar-gula-kelapa-manis-organik-500-gr-1729557189542315155?extParam=ivf%3Dfalse%26keyword%3Dcoconut+sugar%26search_id%3D2025061104173394F6D7E04A4D4535CFA6%26src%3Dsearch%26whid%3D60467",
    "search_query":"coconut sugar",
    "weight_kg":0.5,
    "price_per_kg":60000.0,
    "0":"lain",
    "1":"organik"
  },
  {
    "_id":{
      "$oid":"684908867013c07662ad8c1e"
    },
    "timestamp_scrape":"2025-06-11T11:17:57.790025",
    "ecommerce":"Tokopedia",
    "product_name":"House Of Organix Organic Coconut Sugar 1 Kg gula jawa stevia pengganti kawung palm",
    "price_raw":"Rp57.500",
    "price_clean":57500.0,
    "shop_name":"The House Of Organix",
    "location":"Lokasi tidak tersedia",
    "sold_count_raw":"1rb+ terjual",
    "sold_count_clean":1000.0,
    "product_url":"https:\/\/www.tokopedia.com\/houseoforganix\/house-of-organix-organic-coconut-sugar-1-kg-gula-jawa-stevia-pengganti-kawung-palm-1729557189512955027?extParam=ivf%3Dfalse%26keyword%3Dcoconut+sugar%26search_id%3D2025061104173394F6D7E04A4D4535CFA6%26src%3Dsearch",
    "search_query":"coconut sugar",
    "weight_kg":1.0,
    "price_per_kg":57500.0,
    "0":"lain",
    "1":"umum"
  },
  {
    "_id":{
      "$oid":"684908867013c07662ad8c1f"
    },
    "timestamp_scrape":"2025-06-11T11:17:58.383524",
    "ecommerce":"Tokopedia",
    "product_name":"HILWA GULA AREN CAIR | PALM LIQUID SUGAR - 1KG BOTOL",
    "price_raw":"Rp55.000",
    "price_clean":55000.0,
    "shop_name":"Sweeteners Center",
    "location":"Lokasi tidak tersedia",
    "sold_count_raw":"2 terjual",
    "sold_count_clean":2.0,
    "product_url":"https:\/\/www.tokopedia.com\/sweetenerscenter\/hilwa-gula-aren-cair-palm-liquid-sugar-1kg-botol-1731004276898891273?extParam=ivf%3Dfalse%26keyword%3Dcoconut+sugar&src=topads",
    "search_query":"coconut sugar",
    "weight_kg":1.0,
    "price_per_kg":55000.0,
    "0":"cair",
    "1":"umum"
  },
  {
    "_id":{
      "$oid":"684908867013c07662ad8c20"
    },
    "timestamp_scrape":"2025-06-11T11:17:58.979135",
    "ecommerce":"Tokopedia",
    "product_name":"Plum & Blum Coconut Milk Powder Coconut Sugar",
    "price_raw":"Rp37.620",
    "price_clean":37620.0,
    "shop_name":"Plum Blum Shop",
    "location":"Lokasi tidak tersedia",
    "sold_count_raw":"1rb+ terjual",
    "sold_count_clean":1000.0,
    "product_url":"https:\/\/www.tokopedia.com\/plumandblum\/plum-blum-coconut-milk-powder-coconut-sugar-1729496635160299560?extParam=ivf%3Dfalse%26keyword%3Dcoconut+sugar%26search_id%3D2025061104173394F6D7E04A4D4535CFA6%26src%3Dsearch",
    "search_query":"coconut sugar",
    "weight_kg":null,
    "price_per_kg":null,
    "0":"lain",
    "1":"umum"
  },
  {
    "_id":{
      "$oid":"684908867013c07662ad8c21"
    },
    "timestamp_scrape":"2025-06-11T11:17:59.575388",
    "ecommerce":"Tokopedia",
    "product_name":"Susu Kental Manis Grassfed Milk SKM Alami Sehat Almond Coconut Milky Spread Organic Cane Sugar Cassava Syrup Gula Singkong Kelapa Sweetened Condensed Jam Gut Living",
    "price_raw":"Rp32.000",
    "price_clean":32000.0,
    "shop_name":"Gut Living Indonesia",
    "location":"Lokasi tidak tersedia",
    "sold_count_raw":"50+ terjual",
    "sold_count_clean":50.0,
    "product_url":"https:\/\/www.tokopedia.com\/gutliving\/susu-kental-manis-grassfed-milk-skm-alami-sehat-almond-coconut-milky-spread-organic-cane-sugar-cassava-syrup-gula-singkong-kelapa-sweetened-condensed-jam-gut-living-1730758665401501174?extParam=ivf%3Dfalse%26keyword%3Dcoconut+sugar%26search_id%3D2025061104173394F6D7E04A4D4535CFA6%26src%3Dsearch",
    "search_query":"coconut sugar",
    "weight_kg":null,
    "price_per_kg":null,
    "0":"cair",
    "1":"umum"
  },
  {
    "_id":{
      "$oid":"684908867013c07662ad8c23"
    },
    "timestamp_scrape":"2025-06-11T11:18:00.784946",
    "ecommerce":"Tokopedia",
    "product_name":"Pureeland Organic Coconut Sugar \/ Gula Kelapa Organik",
    "price_raw":"Rp28.910",
    "price_clean":28910.0,
    "shop_name":"Pureeland Surabaya Pusat",
    "location":"Lokasi tidak tersedia",
    "sold_count_raw":"80+ terjual",
    "sold_count_clean":80.0,
    "product_url":"https:\/\/www.tokopedia.com\/pureelandsurabayapusat\/pureeland-organic-coconut-sugar-gula-kelapa-organik-sugarwhitepouch-9bdb0?extParam=ivf%3Dfalse%26keyword%3Dcoconut+sugar%26search_id%3D2025061104173394F6D7E04A4D4535CFA6%26src%3Dsearch",
    "search_query":"coconut sugar",
    "weight_kg":null,
    "price_per_kg":null,
    "0":"lain",
    "1":"umum"
  },
  {
    "_id":{
      "$oid":"684908867013c07662ad8c24"
    },
    "timestamp_scrape":"2025-06-11T11:18:01.390991",
    "ecommerce":"Tokopedia",
    "product_name":"SHAREINJAR DOVE body scrub ice cream pomegranate \/ sakura \/ sugar coconut 30gr",
    "price_raw":"Rp34.000",
    "price_clean":34000.0,
    "shop_name":"Vellomica",
    "location":"Lokasi tidak tersedia",
    "sold_count_raw":"8 terjual",
    "sold_count_clean":8.0,
    "product_url":"https:\/\/www.tokopedia.com\/vellomica\/shareinjar-dove-body-scrub-ice-cream-pomegranate-sakura-sugar-coconut-30gr-1730789548953863492?extParam=ivf%3Dfalse%26keyword%3Dcoconut+sugar%26search_id%3D2025061104173394F6D7E04A4D4535CFA6%26src%3Dsearch",
    "search_query":"coconut sugar",
    "weight_kg":0.03,
    "price_per_kg":1133333.3333333335,
    "0":"lain",
    "1":"organik"
  },
  {
    "_id":{
      "$oid":"684908867013c07662ad8c25"
    },
    "timestamp_scrape":"2025-06-11T11:18:02.039566",
    "ecommerce":"Tokopedia",
    "product_name":"Organic coconut sugar Mezzaluna repack \/ gula kelapa organik premium",
    "price_raw":"Rp17.000",
    "price_clean":17000.0,
    "shop_name":"INDO BOGA",
    "location":"Lokasi tidak tersedia",
    "sold_count_raw":"12 terjual",
    "sold_count_clean":12.0,
    "product_url":"https:\/\/www.tokopedia.com\/indo-boga\/organic-coconut-sugar-mezzaluna-repack-gula-kelapa-organik-premium-golden-250gr-475e0?extParam=ivf%3Dfalse%26keyword%3Dcoconut+sugar%26search_id%3D2025061104173394F6D7E04A4D4535CFA6%26src%3Dsearch",
    "search_query":"coconut sugar",
    "weight_kg":null,
    "price_per_kg":null,
    "0":"lain",
    "1":"umum"
  },
  {
    "_id":{
      "$oid":"684908867013c07662ad8c26"
    },
    "timestamp_scrape":"2025-06-11T11:18:02.637682",
    "ecommerce":"Tokopedia",
    "product_name":"Vegan Coconut Seeds Oat Bar - No Refined Sugar",
    "price_raw":"Rp56.000",
    "price_clean":56000.0,
    "shop_name":"Rebuild Breakfast",
    "location":"Lokasi tidak tersedia",
    "sold_count_raw":"250+ terjual",
    "sold_count_clean":250.0,
    "product_url":"https:\/\/www.tokopedia.com\/rebuildbreakfast\/vegan-coconut-seeds-oat-bar-no-refined-sugar-1730763404321392459?extParam=ivf%3Dfalse%26keyword%3Dcoconut+sugar%26search_id%3D2025061104173394F6D7E04A4D4535CFA6%26src%3Dsearch",
    "search_query":"coconut sugar",
    "weight_kg":null,
    "price_per_kg":null,
    "0":"lain",
    "1":"organik"
  },
  {
    "_id":{
      "$oid":"684908867013c07662ad8c27"
    },
    "timestamp_scrape":"2025-06-11T11:18:03.225843",
    "ecommerce":"Tokopedia",
    "product_name":"Suka Organic Coconut Sugar \/ Gula Kelapa Organik 350 Gr Bahan Food palm",
    "price_raw":"Rp43.553",
    "price_clean":43553.0,
    "shop_name":"The House Of Organix",
    "location":"Lokasi tidak tersedia",
    "sold_count_raw":"80+ terjual",
    "sold_count_clean":80.0,
    "product_url":"https:\/\/www.tokopedia.com\/houseoforganix\/suka-organic-coconut-sugar-gula-kelapa-organik-350-gr-bahan-food-palm-1730892321422214291?extParam=ivf%3Dfalse%26keyword%3Dcoconut+sugar%26search_id%3D2025061104173394F6D7E04A4D4535CFA6%26src%3Dsearch",
    "search_query":"coconut sugar",
    "weight_kg":0.35,
    "price_per_kg":124437.1428571429,
    "0":"bubuk",
    "1":"murni"
  },
  {
    "_id":{
      "$oid":"684908867013c07662ad8c28"
    },
    "timestamp_scrape":"2025-06-11T11:18:03.831520",
    "ecommerce":"Tokopedia",
    "product_name":"250gr Gula Kelapa Murni \/ Gula Semut \/ Coconut Sugar \/ Rempah \/ JSR",
    "price_raw":"Rp14.900",
    "price_clean":14900.0,
    "shop_name":"Cap Sahabat Rempah",
    "location":"Lokasi tidak tersedia",
    "sold_count_raw":"100+ terjual",
    "sold_count_clean":100.0,
    "product_url":"https:\/\/www.tokopedia.com\/capsahabat\/250gr-gula-kelapa-murni-gula-semut-coconut-sugar-rempah-jsr?extParam=ivf%3Dfalse%26keyword%3Dcoconut+sugar%26search_id%3D2025061104173394F6D7E04A4D4535CFA6%26src%3Dsearch",
    "search_query":"coconut sugar",
    "weight_kg":0.25,
    "price_per_kg":59600.0,
    "0":"lain",
    "1":"umum"
  },
  {
    "_id":{
      "$oid":"684908867013c07662ad8c2c"
    },
    "timestamp_scrape":"2025-06-11T11:18:32.330458",
    "ecommerce":"Tokopedia",
    "product_name":"Organic White Coconut Sugar Gula Kelapa Putih 250 gr - Nucifera",
    "price_raw":"Rp27.000",
    "price_clean":27000.0,
    "shop_name":"healthycornersby",
    "location":"Lokasi tidak tersedia",
    "sold_count_raw":"100+ terjual",
    "sold_count_clean":100.0,
    "product_url":"https:\/\/www.tokopedia.com\/healthycornersby\/organic-white-coconut-sugar-gula-kelapa-putih-250-gr-nucifera-1729633726734502749?extParam=ivf%3Dfalse%26keyword%3Dcoconut+sugar%26src%3Dsearch",
    "search_query":"coconut sugar",
    "weight_kg":0.25,
    "price_per_kg":108000.0,
    "0":"lain",
    "1":"umum"
  },
  {
    "_id":{
      "$oid":"684908867013c07662ad8c2d"
    },
    "timestamp_scrape":"2025-06-11T11:18:32.927664",
    "ecommerce":"Tokopedia",
    "product_name":"Pureeland Organic Coconut Sugar \/ Gula Kelapa Organik",
    "price_raw":"Rp8.550",
    "price_clean":8550.0,
    "shop_name":"pureeland jakarta selatan",
    "location":"Lokasi tidak tersedia",
    "sold_count_raw":"14 terjual",
    "sold_count_clean":14.0,
    "product_url":"https:\/\/www.tokopedia.com\/pureelandjaksel\/pureeland-organic-coconut-sugar-gula-kelapa-organik-white-sachet-85d18?extParam=ivf%3Dfalse%26keyword%3Dcoconut+sugar%26src%3Dsearch",
    "search_query":"coconut sugar",
    "weight_kg":null,
    "price_per_kg":null,
    "0":"lain",
    "1":"umum"
  },
  {
    "_id":{
      "$oid":"684908867013c07662ad8c2f"
    },
    "timestamp_scrape":"2025-06-11T11:18:34.127418",
    "ecommerce":"Tokopedia",
    "product_name":"Organic Palm Sugar Coconut Gula Aren Bubuk Gula Semut Organik 500 gram",
    "price_raw":"Rp24.000",
    "price_clean":24000.0,
    "shop_name":"Healthypick.id",
    "location":"Lokasi tidak tersedia",
    "sold_count_raw":"100+ terjual",
    "sold_count_clean":100.0,
    "product_url":"https:\/\/www.tokopedia.com\/healthypickid\/organic-palm-sugar-coconut-gula-aren-bubuk-gula-semut-organik-500-gram?extParam=ivf%3Dfalse%26keyword%3Dcoconut+sugar%26src%3Dsearch",
    "search_query":"coconut sugar",
    "weight_kg":0.5,
    "price_per_kg":48000.0,
    "0":"lain",
    "1":"umum"
  },
  {
    "_id":{
      "$oid":"684908867013c07662ad8c30"
    },
    "timestamp_scrape":"2025-06-11T11:18:34.769574",
    "ecommerce":"Tokopedia",
    "product_name":"Gula Kelapa Original \/ Coconut Sugar 300 Gram",
    "price_raw":"Rp35.000",
    "price_clean":35000.0,
    "shop_name":"Beras Organik MD",
    "location":"Lokasi tidak tersedia",
    "sold_count_raw":"90+ terjual",
    "sold_count_clean":90.0,
    "product_url":"https:\/\/www.tokopedia.com\/berasorganikmd\/gula-kelapa-original-coconut-sugar-300-gram?extParam=ivf%3Dfalse%26keyword%3Dcoconut+sugar%26src%3Dsearch",
    "search_query":"coconut sugar",
    "weight_kg":0.3,
    "price_per_kg":116666.6666666667,
    "0":"bubuk",
    "1":"umum"
  },
  {
    "_id":{
      "$oid":"684908867013c07662ad8c31"
    },
    "timestamp_scrape":"2025-06-11T11:18:35.392214",
    "ecommerce":"Tokopedia",
    "product_name":"Vsoy Low Sugar 1000ml ecer",
    "price_raw":"Rp28.000",
    "price_clean":28000.0,
    "shop_name":"Finefood8898",
    "location":"Lokasi tidak tersedia",
    "sold_count_raw":"50+ terjual",
    "sold_count_clean":50.0,
    "product_url":"https:\/\/www.tokopedia.com\/finefood8898\/vsoy-low-sugar-1000ml-ecer?extParam=ivf%3Dfalse%26keyword%3Dcoconut+sugar&src=topads",
    "search_query":"coconut sugar",
    "weight_kg":1.0,
    "price_per_kg":28000.0,
    "0":"lain",
    "1":"umum"
  },
  {
    "_id":{
      "$oid":"684908867013c07662ad8c32"
    },
    "timestamp_scrape":"2025-06-11T11:18:35.988723",
    "ecommerce":"Tokopedia",
    "product_name":"[100M | EAU DE PARFUM] [BPOM] Evangeline Selection Series 100ml | Parfum Badan | Black Vanilla | Cherry Blossom | Coconut Fantasy | Green Tea | Juicy Pear | Mango Tempation | Orange Citrus | Raw Almond | Royal Lavender | Sugar Biscuit | Strawberry | Peach",
    "price_raw":"Rp28.900",
    "price_clean":28900.0,
    "shop_name":"CherryShopByShendywi",
    "location":"Lokasi tidak tersedia",
    "sold_count_raw":"1rb+ terjual",
    "sold_count_clean":1000.0,
    "product_url":"https:\/\/www.tokopedia.com\/cherryshopbyshendywi\/100m-eau-de-parfum-bpom-evangeline-selection-series-100ml-parfum-badan-black-vanilla-cherry-blossom-coconut-fantasy-green-tea-juicy-pear-mango-tempation-orange-citrus-raw-almond-royal-lavender-sugar-biscuit-strawberry-peach-1729560563991087727?extParam=ivf%3Dfalse%26keyword%3Dcoconut+sugar%26src%3Dsearch",
    "search_query":"coconut sugar",
    "weight_kg":0.1,
    "price_per_kg":289000.0,
    "0":"lain",
    "1":"umum"
  },
  {
    "_id":{
      "$oid":"684908867013c07662ad8c33"
    },
    "timestamp_scrape":"2025-06-11T11:18:36.577485",
    "ecommerce":"Tokopedia",
    "product_name":"Nucifera Coconut Sugar Gula Kelapa Putih Organik 250g",
    "price_raw":"Rp20.000",
    "price_clean":20000.0,
    "shop_name":"Nature Produced",
    "location":"Lokasi tidak tersedia",
    "sold_count_raw":"50+ terjual",
    "sold_count_clean":50.0,
    "product_url":"https:\/\/www.tokopedia.com\/natureproduced\/nucifera-coconut-sugar-gula-kelapa-putih-organik-250g-organik?extParam=ivf%3Dfalse%26keyword%3Dcoconut+sugar%26src%3Dsearch",
    "search_query":"coconut sugar",
    "weight_kg":0.25,
    "price_per_kg":80000.0,
    "0":"lain",
    "1":"umum"
  },
  {
    "_id":{
      "$oid":"684908867013c07662ad8c34"
    },
    "timestamp_scrape":"2025-06-11T11:18:37.168718",
    "ecommerce":"Tokopedia",
    "product_name":"NUCIFERA- COCONUT WATER SAUCE LESS SUGAR 300ML",
    "price_raw":"Rp25.000",
    "price_clean":25000.0,
    "shop_name":"Club Sehat Store",
    "location":"Lokasi tidak tersedia",
    "sold_count_raw":"250+ terjual",
    "sold_count_clean":250.0,
    "product_url":"https:\/\/www.tokopedia.com\/clubsehatonline\/nucifera-coconut-water-sauce-less-sugar-300ml-1731390695657539258?extParam=ivf%3Dfalse%26keyword%3Dcoconut+sugar%26src%3Dsearch",
    "search_query":"coconut sugar",
    "weight_kg":0.3,
    "price_per_kg":83333.3333333333,
    "0":"lain",
    "1":"umum"
  },
  {
    "_id":{
      "$oid":"684908867013c07662ad8c35"
    },
    "timestamp_scrape":"2025-06-11T11:18:37.758295",
    "ecommerce":"Tokopedia",
    "product_name":"100gr Gula Kelapa \/ Coconut Sugar \/ Gula Semut 100% PREMIUM",
    "price_raw":"Rp9.900",
    "price_clean":9900.0,
    "shop_name":"Cap Sahabat Rempah",
    "location":"Lokasi tidak tersedia",
    "sold_count_raw":"100+ terjual",
    "sold_count_clean":100.0,
    "product_url":"https:\/\/www.tokopedia.com\/capsahabat\/100gr-gula-kelapa-coconut-sugar-gula-semut-100-premium?extParam=ivf%3Dfalse%26keyword%3Dcoconut+sugar%26src%3Dsearch",
    "search_query":"coconut sugar",
    "weight_kg":0.1,
    "price_per_kg":99000.0,
    "0":"lain",
    "1":"organik"
  },
  {
    "_id":{
      "$oid":"684908867013c07662ad8c36"
    },
    "timestamp_scrape":"2025-06-11T11:18:38.351215",
    "ecommerce":"Tokopedia",
    "product_name":"Warung Shiha - Organic Coconut Brown Sugar Nucifera Vegan Halal 250 gr",
    "price_raw":"Rp20.500",
    "price_clean":20500.0,
    "shop_name":"Warung Shiha",
    "location":"Lokasi tidak tersedia",
    "sold_count_raw":"100+ terjual",
    "sold_count_clean":100.0,
    "product_url":"https:\/\/www.tokopedia.com\/warungshiha\/warung-shiha-organic-coconut-brown-sugar-nucifera-vegan-halal-250-gr?extParam=ivf%3Dfalse%26keyword%3Dcoconut+sugar%26src%3Dsearch",
    "search_query":"coconut sugar",
    "weight_kg":0.25,
    "price_per_kg":82000.0,
    "0":"bubuk",
    "1":"umum"
  },
  {
    "_id":{
      "$oid":"684908867013c07662ad8c37"
    },
    "timestamp_scrape":"2025-06-11T11:18:38.942604",
    "ecommerce":"Tokopedia",
    "product_name":"Kelapa Parut Kering \/ Desiccated Coconut - Natural | Organic | Gluten Free | Sugar Free | NON-GMO",
    "price_raw":"Rp35.000",
    "price_clean":35000.0,
    "shop_name":"Precisar Daily",
    "location":"Lokasi tidak tersedia",
    "sold_count_raw":"1 terjual",
    "sold_count_clean":1.0,
    "product_url":"https:\/\/www.tokopedia.com\/precisar\/kelapa-parut-kering-desiccated-coconut-natural-organic-gluten-free-sugar-free-non-gmo-1730798483493127473?extParam=ivf%3Dfalse%26keyword%3Dcoconut+sugar%26src%3Dsearch",
    "search_query":"coconut sugar",
    "weight_kg":null,
    "price_per_kg":null,
    "0":"lain",
    "1":"umum"
  },
  {
    "_id":{
      "$oid":"684908867013c07662ad8c38"
    },
    "timestamp_scrape":"2025-06-11T11:18:39.539182",
    "ecommerce":"Tokopedia",
    "product_name":"Snack sugar glider coconut snack - coconut flakes - cemilan hamster",
    "price_raw":"Rp2.480",
    "price_clean":2480.0,
    "shop_name":"Marise Petshop",
    "location":"Lokasi tidak tersedia",
    "sold_count_raw":"100+ terjual",
    "sold_count_clean":100.0,
    "product_url":"https:\/\/www.tokopedia.com\/marisepetshop\/snack-sugar-glider-coconut-snack-coconut-flakes-cemilan-hamster?extParam=ivf%3Dfalse%26keyword%3Dcoconut+sugar%26src%3Dsearch",
    "search_query":"coconut sugar",
    "weight_kg":null,
    "price_per_kg":null,
    "0":"lain",
    "1":"organik"
  },
  {
    "_id":{
      "$oid":"684908867013c07662ad8c39"
    },
    "timestamp_scrape":"2025-06-11T11:18:40.129697",
    "ecommerce":"Tokopedia",
    "product_name":"Melts On The Go - Spread Sachet (Less Sugar, Gluten Free, Vegan)",
    "price_raw":"Rp15.000",
    "price_clean":15000.0,
    "shop_name":"Melts Indonesia",
    "location":"Lokasi tidak tersedia",
    "sold_count_raw":"1rb+ terjual",
    "sold_count_clean":1000.0,
    "product_url":"https:\/\/www.tokopedia.com\/meltsid\/melts-on-the-go-spread-sachet-less-sugar-gluten-free-vegan-almost-30g-b5adc?extParam=ivf%3Dfalse%26keyword%3Dcoconut+sugar%26whid%3D1657311&src=topads",
    "search_query":"coconut sugar",
    "weight_kg":null,
    "price_per_kg":null,
    "0":"lain",
    "1":"organik"
  },
  {
    "_id":{
      "$oid":"684908867013c07662ad8c3c"
    },
    "timestamp_scrape":"2025-06-11T11:19:04.577860",
    "ecommerce":"Tokopedia",
    "product_name":"Gula Kelapa Organik 300gr \/ 100% Pure Organic Coconut Sugar",
    "price_raw":"Rp35.000",
    "price_clean":35000.0,
    "shop_name":"arcee mezzaluna shop",
    "location":"Lokasi tidak tersedia",
    "sold_count_raw":"500+ terjual",
    "sold_count_clean":500.0,
    "product_url":"https:\/\/www.tokopedia.com\/arceejaya\/gula-kelapa-organik-300gr-100-pure-organic-coconut-sugar-brown-300gr?extParam=ivf%3Dfalse%26keyword%3Dcoconut+sugar%26src%3Dsearch",
    "search_query":"coconut sugar",
    "weight_kg":0.3,
    "price_per_kg":116666.6666666667,
    "0":"bubuk",
    "1":"umum"
  },
  {
    "_id":{
      "$oid":"684908867013c07662ad8c3d"
    },
    "timestamp_scrape":"2025-06-11T11:19:05.165406",
    "ecommerce":"Tokopedia",
    "product_name":"Gula Kelapa Bubuk (Coconut Sugar) \/ Brown Sugar \/ Gula Semut - 500 gr",
    "price_raw":"Rp35.000",
    "price_clean":35000.0,
    "shop_name":"Fosserca supplier",
    "location":"Lokasi tidak tersedia",
    "sold_count_raw":"100+ terjual",
    "sold_count_clean":100.0,
    "product_url":"https:\/\/www.tokopedia.com\/fosserca\/gula-kelapa-bubuk-coconut-sugar-brown-sugar-gula-semut-500-gr?extParam=ivf%3Dfalse%26keyword%3Dcoconut+sugar%26src%3Dsearch",
    "search_query":"coconut sugar",
    "weight_kg":0.5,
    "price_per_kg":70000.0,
    "0":"bubuk",
    "1":"organik"
  },
  {
    "_id":{
      "$oid":"684908867013c07662ad8c3e"
    },
    "timestamp_scrape":"2025-06-11T11:19:05.754818",
    "ecommerce":"Tokopedia",
    "product_name":"Organic Chocolate Couverture 55% - 500gr (with organic coconut sugar)",
    "price_raw":"Rp220.000",
    "price_clean":220000.0,
    "shop_name":"Minang Kakao",
    "location":"Lokasi tidak tersedia",
    "sold_count_raw":"5 terjual",
    "sold_count_clean":5.0,
    "product_url":"https:\/\/www.tokopedia.com\/minangkakao\/organic-chocolate-couverture-55-500gr-with-organic-coconut-sugar?extParam=ivf%3Dfalse%26keyword%3Dcoconut+sugar%26src%3Dsearch%26whid%3D2363317",
    "search_query":"coconut sugar",
    "weight_kg":0.5,
    "price_per_kg":440000.0,
    "0":"lain",
    "1":"umum"
  },
  {
    "_id":{
      "$oid":"684908867013c07662ad8c3f"
    },
    "timestamp_scrape":"2025-06-11T11:19:06.341273",
    "ecommerce":"Tokopedia",
    "product_name":"Gula Kelapa Organik 3 Kg Twin Pack - Organic Coconut Sugar 3 kg 2 Pack",
    "price_raw":"Rp234.000",
    "price_clean":234000.0,
    "shop_name":"CIPTA LESTARI ORGANIK",
    "location":"Lokasi tidak tersedia",
    "sold_count_raw":"1rb+ terjual",
    "sold_count_clean":1000.0,
    "product_url":"https:\/\/www.tokopedia.com\/ciptalestariorganik\/gula-kelapa-organik-3-kg-twin-pack-organic-coconut-sugar-3-kg-2-pack?extParam=ivf%3Dfalse%26keyword%3Dcoconut+sugar%26src%3Dsearch",
    "search_query":"coconut sugar",
    "weight_kg":3.0,
    "price_per_kg":78000.0,
    "0":"cair",
    "1":"umum"
  },
  {
    "_id":{
      "$oid":"684908867013c07662ad8c40"
    },
    "timestamp_scrape":"2025-06-11T11:19:06.931328",
    "ecommerce":"Tokopedia",
    "product_name":"Tani Organic Coconut Sugar 250 gram - Gula Kelapa Organik Tani Organic 250gram",
    "price_raw":"Rp17.900",
    "price_clean":17900.0,
    "shop_name":"Alora Essential",
    "location":"Lokasi tidak tersedia",
    "sold_count_raw":"100+ terjual",
    "sold_count_clean":100.0,
    "product_url":"https:\/\/www.tokopedia.com\/aloraessential\/tani-organic-coconut-sugar-250-gram-gula-kelapa-organik-tani-organic-250gram-1729919900624258396?extParam=ivf%3Dfalse%26keyword%3Dcoconut+sugar%26src%3Dsearch",
    "search_query":"coconut sugar",
    "weight_kg":0.25,
    "price_per_kg":71600.0,
    "0":"lain",
    "1":"umum"
  },
  {
    "_id":{
      "$oid":"684908867013c07662ad8c41"
    },
    "timestamp_scrape":"2025-06-11T11:19:07.528095",
    "ecommerce":"Tokopedia",
    "product_name":"Gula Kelapa Organik Mezzaluna 500gr \/ 100% Pure Organic Coconut Sugar",
    "price_raw":"Rp50.000",
    "price_clean":50000.0,
    "shop_name":"arcee mezzaluna shop",
    "location":"Lokasi tidak tersedia",
    "sold_count_raw":"100+ terjual",
    "sold_count_clean":100.0,
    "product_url":"https:\/\/www.tokopedia.com\/arceejaya\/gula-kelapa-organik-mezzaluna-500gr-100-pure-organic-coconut-sugar-brown?extParam=ivf%3Dfalse%26keyword%3Dcoconut+sugar%26src%3Dsearch",
    "search_query":"coconut sugar",
    "weight_kg":0.5,
    "price_per_kg":100000.0,
    "0":"lain",
    "1":"organik"
  },
  {
    "_id":{
      "$oid":"684908867013c07662ad8c42"
    },
    "timestamp_scrape":"2025-06-11T11:19:08.142974",
    "ecommerce":"Tokopedia",
    "product_name":"Dark Chocolate 70% Less Sugar with Homemade Coconut Sugar - Snacks Food Cocoa - Coklat, Toples, Banana, Susu, Gula, Manis",
    "price_raw":"Rp15.000",
    "price_clean":15000.0,
    "shop_name":"Cokelat Ageng",
    "location":"Lokasi tidak tersedia",
    "sold_count_raw":"6 terjual",
    "sold_count_clean":6.0,
    "product_url":"https:\/\/www.tokopedia.com\/cokelatageng\/dark-chocolate-70-less-sugar-with-homemade-coconut-sugar-snacks-food-cocoa-coklat-toples-banana-susu-gula-manis-1729583826768398666?extParam=ivf%3Dfalse%26keyword%3Dcoconut+sugar%26src%3Dsearch",
    "search_query":"coconut sugar",
    "weight_kg":null,
    "price_per_kg":null,
    "0":"lain",
    "1":"organik"
  },
  {
    "_id":{
      "$oid":"684908867013c07662ad8c43"
    },
    "timestamp_scrape":"2025-06-11T11:19:08.734273",
    "ecommerce":"Tokopedia",
    "product_name":"Cap Sahabat - Gula Kelapa Bubuk Botol Premium \/ Coconut Sugar Organic",
    "price_raw":"Rp12.500",
    "price_clean":12500.0,
    "shop_name":"Cap Sahabat Rempah",
    "location":"Lokasi tidak tersedia",
    "sold_count_raw":"14 terjual",
    "sold_count_clean":14.0,
    "product_url":"https:\/\/www.tokopedia.com\/capsahabat\/cap-sahabat-gula-kelapa-bubuk-botol-premium-coconut-sugar-organic?extParam=ivf%3Dfalse%26keyword%3Dcoconut+sugar%26src%3Dsearch",
    "search_query":"coconut sugar",
    "weight_kg":null,
    "price_per_kg":null,
    "0":"lain",
    "1":"organik"
  },
  {
    "_id":{
      "$oid":"684908867013c07662ad8c44"
    },
    "timestamp_scrape":"2025-06-11T11:19:09.326106",
    "ecommerce":"Tokopedia",
    "product_name":"Nahati Gula Semut 250 gr Organik - Coconut Sugar Holistik Natural",
    "price_raw":"Rp29.000",
    "price_clean":29000.0,
    "shop_name":"Gowine id",
    "location":"Lokasi tidak tersedia",
    "sold_count_raw":"1 terjual",
    "sold_count_clean":1.0,
    "product_url":"https:\/\/www.tokopedia.com\/gowineid\/nahati-gula-semut-250-gr-organik-coconut-sugar-holistik-natural?extParam=ivf%3Dfalse%26keyword%3Dcoconut+sugar%26src%3Dsearch",
    "search_query":"coconut sugar",
    "weight_kg":0.25,
    "price_per_kg":116000.0,
    "0":"lain",
    "1":"umum"
  },
  {
    "_id":{
      "$oid":"684908867013c07662ad8c45"
    },
    "timestamp_scrape":"2025-06-11T11:19:09.919650",
    "ecommerce":"Tokopedia",
    "product_name":"Nucifera White Coconut Sugar (Pouch) - 1 kg",
    "price_raw":"Rp70.000",
    "price_clean":70000.0,
    "shop_name":"Genki Plant",
    "location":"Lokasi tidak tersedia",
    "sold_count_raw":"250+ terjual",
    "sold_count_clean":250.0,
    "product_url":"https:\/\/www.tokopedia.com\/genkiplant\/nucifera-white-coconut-sugar-pouch-1-kg-1729383294900733455?extParam=ivf%3Dfalse%26keyword%3Dcoconut+sugar%26src%3Dsearch",
    "search_query":"coconut sugar",
    "weight_kg":1.0,
    "price_per_kg":70000.0,
    "0":"lain",
    "1":"murni"
  },
  {
    "_id":{
      "$oid":"684908867013c07662ad8c46"
    },
    "timestamp_scrape":"2025-06-11T11:19:10.513044",
    "ecommerce":"Tokopedia",
    "product_name":"Gulare Gula Kelapa Cair \/ Coconut Sugar Syrup 1,3 kg",
    "price_raw":"Rp72.000",
    "price_clean":72000.0,
    "shop_name":"OrganicParadise.id",
    "location":"Lokasi tidak tersedia",
    "sold_count_raw":"13 terjual",
    "sold_count_clean":13.0,
    "product_url":"https:\/\/www.tokopedia.com\/organicparadise\/gulare-gula-kelapa-cair-coconut-sugar-syrup-1-3-kg?extParam=ivf%3Dfalse%26keyword%3Dcoconut+sugar%26src%3Dsearch",
    "search_query":"coconut sugar",
    "weight_kg":1.3,
    "price_per_kg":55384.6153846154,
    "0":"lain",
    "1":"organik"
  },
  {
    "_id":{
      "$oid":"684908867013c07662ad8c49"
    },
    "timestamp_scrape":"2025-06-11T11:19:38.890056",
    "ecommerce":"Tokopedia",
    "product_name":"PREMIUM ORGANIC COCONUT SUGAR 500GR",
    "price_raw":"Rp26.500",
    "price_clean":26500.0,
    "shop_name":"yujfams",
    "location":"Lokasi tidak tersedia",
    "sold_count_raw":"100+ terjual",
    "sold_count_clean":100.0,
    "product_url":"https:\/\/www.tokopedia.com\/yujfams\/premium-organic-coconut-sugar-500gr?extParam=ivf%3Dfalse%26keyword%3Dcoconut+sugar%26src%3Dsearch",
    "search_query":"coconut sugar",
    "weight_kg":0.5,
    "price_per_kg":53000.0,
    "0":"lain",
    "1":"umum"
  },
  {
    "_id":{
      "$oid":"684908867013c07662ad8c4a"
    },
    "timestamp_scrape":"2025-06-11T11:19:39.489425",
    "ecommerce":"Tokopedia",
    "product_name":"Gula Kelapa Organik BROWN 300gr Mezzaluna Pure Organic Coconut Sugar",
    "price_raw":"Rp35.000",
    "price_clean":35000.0,
    "shop_name":"arcee mezzaluna shop",
    "location":"Lokasi tidak tersedia",
    "sold_count_raw":"250+ terjual",
    "sold_count_clean":250.0,
    "product_url":"https:\/\/www.tokopedia.com\/arceejaya\/gula-kelapa-organik-brown-300gr-mezzaluna-pure-organic-coconut-sugar-brown-300gr?extParam=ivf%3Dfalse%26keyword%3Dcoconut+sugar%26src%3Dsearch",
    "search_query":"coconut sugar",
    "weight_kg":0.3,
    "price_per_kg":116666.6666666667,
    "0":"lain",
    "1":"umum"
  },
  {
    "_id":{
      "$oid":"684908867013c07662ad8c4c"
    },
    "timestamp_scrape":"2025-06-11T11:19:40.682684",
    "ecommerce":"Tokopedia",
    "product_name":"Organik Dark Chocolate 500 gr (DCC) Coconut Sugar - Cau Chocolates TGR",
    "price_raw":"Rp250.000",
    "price_clean":250000.0,
    "shop_name":"Cau Chocolates Tangerang",
    "location":"Lokasi tidak tersedia",
    "sold_count_raw":"30+ terjual",
    "sold_count_clean":30.0,
    "product_url":"https:\/\/www.tokopedia.com\/cauchocolatestgr\/organik-dark-chocolate-500-gr-dcc-coconut-sugar-cau-chocolates-tgr-73?extParam=ivf%3Dfalse%26keyword%3Dcoconut+sugar%26src%3Dsearch",
    "search_query":"coconut sugar",
    "weight_kg":0.5,
    "price_per_kg":500000.0,
    "0":"lain",
    "1":"umum"
  },
  {
    "_id":{
      "$oid":"684908867013c07662ad8c4d"
    },
    "timestamp_scrape":"2025-06-11T11:19:41.275358",
    "ecommerce":"Tokopedia",
    "product_name":"Singabera - Organic Coconut Sugar Stick 1pcs Gula Kelapa Organik Gula Merah Singabera Premium",
    "price_raw":"Rp1.100",
    "price_clean":1100.0,
    "shop_name":"Pure Matcha",
    "location":"Lokasi tidak tersedia",
    "sold_count_raw":"1rb+ terjual",
    "sold_count_clean":1000.0,
    "product_url":"https:\/\/www.tokopedia.com\/pure-matcha\/singabera-organic-coconut-sugar-gula-kelapa-organik-pouch-box-1-pcs?extParam=ivf%3Dfalse%26keyword%3Dcoconut+sugar%26src%3Dsearch",
    "search_query":"coconut sugar",
    "weight_kg":null,
    "price_per_kg":null,
    "0":"lain",
    "1":"umum"
  },
  {
    "_id":{
      "$oid":"684908867013c07662ad8c4f"
    },
    "timestamp_scrape":"2025-06-11T11:19:42.460546",
    "ecommerce":"Tokopedia",
    "product_name":"Tepung Kelapa \/ Coconut Flour - Fine Grade - Natural | Gluten Free | Sugar Free | NON-GMO",
    "price_raw":"Rp45.000",
    "price_clean":45000.0,
    "shop_name":"Precisar Daily",
    "location":"Lokasi tidak tersedia",
    "sold_count_raw":"1 terjual",
    "sold_count_clean":1.0,
    "product_url":"https:\/\/www.tokopedia.com\/precisar\/tepung-kelapa-coconut-flour-fine-grade-natural-gluten-free-sugar-free-non-gmo-1730713102521500977?extParam=ivf%3Dfalse%26keyword%3Dcoconut+sugar%26src%3Dsearch",
    "search_query":"coconut sugar",
    "weight_kg":null,
    "price_per_kg":null,
    "0":"lain",
    "1":"umum"
  },
  {
    "_id":{
      "$oid":"684908867013c07662ad8c50"
    },
    "timestamp_scrape":"2025-06-11T11:19:43.052432",
    "ecommerce":"Tokopedia",
    "product_name":"Sempati Vco Oil Minyak Kelapa Murni Obat Cacing Kutu Scabies Pure Virgin Coconut Oil Obat Jamur Alami Vitamin Bulu Kucing Musang Kelinci Sugar Glider Sehat",
    "price_raw":"Rp5.525",
    "price_clean":5525.0,
    "shop_name":"Sempati Bird Shop",
    "location":"Lokasi tidak tersedia",
    "sold_count_raw":"100+ terjual",
    "sold_count_clean":100.0,
    "product_url":"https:\/\/www.tokopedia.com\/sempatibirdshop\/sempati-vco-oil-minyak-kelapa-murni-obat-cacing-kutu-scabies-pure-virgin-coconut-oil-obat-jamur-alami-vitamin-bulu-kucing-musang-kelinci-sugar-glider-sehat-1729663592585529932?extParam=ivf%3Dfalse%26keyword%3Dcoconut+sugar%26src%3Dsearch",
    "search_query":"coconut sugar",
    "weight_kg":null,
    "price_per_kg":null,
    "0":"lain",
    "1":"umum"
  },
  {
    "_id":{
      "$oid":"684908867013c07662ad8c51"
    },
    "timestamp_scrape":"2025-06-11T11:19:43.650384",
    "ecommerce":"Tokopedia",
    "product_name":"Singabera Organic Coconut Sugar (Gula Kelapa Organik) - 5kg pouch",
    "price_raw":"Rp309.330",
    "price_clean":309330.0,
    "shop_name":"Singabera Indonesia",
    "location":"Lokasi tidak tersedia",
    "sold_count_raw":"70+ terjual",
    "sold_count_clean":70.0,
    "product_url":"https:\/\/www.tokopedia.com\/singaberaid\/singabera-organic-coconut-sugar-gula-kelapa-organik-5kg-pouch?extParam=ivf%3Dfalse%26keyword%3Dcoconut+sugar%26src%3Dsearch",
    "search_query":"coconut sugar",
    "weight_kg":5.0,
    "price_per_kg":61866.0,
    "0":"bubuk",
    "1":"organik"
  },
  {
    "_id":{
      "$oid":"684908867013c07662ad8c52"
    },
    "timestamp_scrape":"2025-06-11T11:19:44.242868",
    "ecommerce":"Tokopedia",
    "product_name":"Organic Coconut sugar\/ gula kelapa organik  - HAYS",
    "price_raw":"Rp19.400",
    "price_clean":19400.0,
    "shop_name":"Hays Food",
    "location":"Lokasi tidak tersedia",
    "sold_count_raw":"250+ terjual",
    "sold_count_clean":250.0,
    "product_url":"https:\/\/www.tokopedia.com\/hays-food\/organic-coconut-sugar-gula-kelapa-organik-hays-1729555689095989263?extParam=ivf%3Dfalse%26keyword%3Dcoconut+sugar%26src%3Dsearch",
    "search_query":"coconut sugar",
    "weight_kg":null,
    "price_per_kg":null,
    "0":"lain",
    "1":"organik"
  },
  {
    "_id":{
      "$oid":"684908867013c07662ad8c53"
    },
    "timestamp_scrape":"2025-06-11T11:19:44.837430",
    "ecommerce":"Tokopedia",
    "product_name":"Coconut sugar cube 250gram",
    "price_raw":"Rp22.000",
    "price_clean":22000.0,
    "shop_name":"Dahlia Organik Mart",
    "location":"Lokasi tidak tersedia",
    "sold_count_raw":"30+ terjual",
    "sold_count_clean":30.0,
    "product_url":"https:\/\/www.tokopedia.com\/dahliaorganik\/coconut-sugar-cube-250gram?extParam=ivf%3Dfalse%26keyword%3Dcoconut+sugar%26src%3Dsearch",
    "search_query":"coconut sugar",
    "weight_kg":0.25,
    "price_per_kg":88000.0,
    "0":"bubuk",
    "1":"organik"
  },
  {
    "_id":{
      "$oid":"684908867013c07662ad8c54"
    },
    "timestamp_scrape":"2025-06-11T11:19:45.433143",
    "ecommerce":"Tokopedia",
    "product_name":"Nucifera, Organic White Coconut Sugar 1kg",
    "price_raw":"Rp72.100",
    "price_clean":72100.0,
    "shop_name":"Nourish Indonesia",
    "location":"Lokasi tidak tersedia",
    "sold_count_raw":"1rb+ terjual",
    "sold_count_clean":1000.0,
    "product_url":"https:\/\/www.tokopedia.com\/nourishindonesia\/nucifera-organic-white-coconut-sugar-1kg?extParam=ivf%3Dfalse%26keyword%3Dcoconut+sugar%26src%3Dsearch%26whid%3D14936847",
    "search_query":"coconut sugar",
    "weight_kg":1.0,
    "price_per_kg":72100.0,
    "0":"lain",
    "1":"organik"
  },
  {
    "_id":{
      "$oid":"684908867013c07662ad8c55"
    },
    "timestamp_scrape":"2025-06-11T11:19:46.028121",
    "ecommerce":"Tokopedia",
    "product_name":"Realsa Coconut Sugar Jahe 1kg – Gula Kelapa Jahe Alami & Sehat",
    "price_raw":"Rp120.000",
    "price_clean":120000.0,
    "shop_name":"WIGHOSHOP",
    "location":"Lokasi tidak tersedia",
    "sold_count_raw":"2 terjual",
    "sold_count_clean":2.0,
    "product_url":"https:\/\/www.tokopedia.com\/wighoshop\/realsa-coconut-sugar-jahe-1kg-gula-kelapa-jahe-alami-sehat-1731359907741599466?extParam=ivf%3Dfalse%26keyword%3Dcoconut+sugar%26src%3Dsearch",
    "search_query":"coconut sugar",
    "weight_kg":1.0,
    "price_per_kg":120000.0,
    "0":"lain",
    "1":"organik"
  },
  {
    "_id":{
      "$oid":"684908867013c07662ad8c59"
    },
    "timestamp_scrape":"2025-06-11T11:20:23.460608",
    "ecommerce":"Tokopedia",
    "product_name":"500gr Organic Coconut Sugar  - Gula Kelapa Organik",
    "price_raw":"Rp29.764",
    "price_clean":29764.0,
    "shop_name":"Minimarket Kesehatan Vegan",
    "location":"Lokasi tidak tersedia",
    "sold_count_raw":"5 terjual",
    "sold_count_clean":5.0,
    "product_url":"https:\/\/www.tokopedia.com\/kesehatanvegan\/500gr-organic-coconut-sugar-gula-kelapa-organik-1729537372529264664?extParam=ivf%3Dfalse%26keyword%3Dcoconut+sugar%26src%3Dsearch",
    "search_query":"coconut sugar",
    "weight_kg":0.5,
    "price_per_kg":59528.0,
    "0":"bubuk",
    "1":"umum"
  },
  {
    "_id":{
      "$oid":"684908867013c07662ad8c5a"
    },
    "timestamp_scrape":"2025-06-11T11:20:24.054587",
    "ecommerce":"Tokopedia",
    "product_name":"Nourish Indonesia, Organic Coconut Sugar 250gr",
    "price_raw":"Rp14.700",
    "price_clean":14700.0,
    "shop_name":"Nourish Indonesia",
    "location":"Lokasi tidak tersedia",
    "sold_count_raw":"1rb+ terjual",
    "sold_count_clean":1000.0,
    "product_url":"https:\/\/www.tokopedia.com\/nourishindonesia\/nourish-indonesia-organic-coconut-sugar-250gr?extParam=ivf%3Dfalse%26keyword%3Dcoconut+sugar%26src%3Dsearch%26whid%3D14936847",
    "search_query":"coconut sugar",
    "weight_kg":0.25,
    "price_per_kg":58800.0,
    "0":"lain",
    "1":"umum"
  },
  {
    "_id":{
      "$oid":"684908867013c07662ad8c5c"
    },
    "timestamp_scrape":"2025-06-11T11:20:25.239937",
    "ecommerce":"Tokopedia",
    "product_name":"MINIME Pantry - Coconut Sugar 1kg",
    "price_raw":"Rp52.000",
    "price_clean":52000.0,
    "shop_name":"Minime Store_NEW",
    "location":"Lokasi tidak tersedia",
    "sold_count_raw":"28 terjual",
    "sold_count_clean":28.0,
    "product_url":"https:\/\/www.tokopedia.com\/granolabyminime\/minime-pantry-coconut-sugar?extParam=ivf%3Dfalse%26keyword%3Dcoconut+sugar%26src%3Dsearch",
    "search_query":"coconut sugar",
    "weight_kg":1.0,
    "price_per_kg":52000.0,
    "0":"cair",
    "1":"umum"
  },
  {
    "_id":{
      "$oid":"684908867013c07662ad8c5d"
    },
    "timestamp_scrape":"2025-06-11T11:20:25.829495",
    "ecommerce":"Tokopedia",
    "product_name":"Coconut Sugar Almond Butter - 225 g",
    "price_raw":"Rp60.000",
    "price_clean":60000.0,
    "shop_name":"Genki Plant",
    "location":"Lokasi tidak tersedia",
    "sold_count_raw":"100+ terjual",
    "sold_count_clean":100.0,
    "product_url":"https:\/\/www.tokopedia.com\/genkiplant\/coconut-sugar-almond-butter-225-g?extParam=ivf%3Dfalse%26keyword%3Dcoconut+sugar%26src%3Dsearch",
    "search_query":"coconut sugar",
    "weight_kg":0.225,
    "price_per_kg":266666.6666666667,
    "0":"lain",
    "1":"umum"
  },
  {
    "_id":{
      "$oid":"684908867013c07662ad8c5f"
    },
    "timestamp_scrape":"2025-06-11T11:20:27.011640",
    "ecommerce":"Tokopedia",
    "product_name":"1kg \/ Garam Kusamba \/ Organic Coconut Sugar",
    "price_raw":"Rp57.000",
    "price_clean":57000.0,
    "shop_name":"Toko Irbiyya",
    "location":"Lokasi tidak tersedia",
    "sold_count_raw":"40+ terjual",
    "sold_count_clean":40.0,
    "product_url":"https:\/\/www.tokopedia.com\/archive-tokoirbiyya\/1kg-garam-kusamba-organic-coconut-sugar-kusamba-seasalt?extParam=ivf%3Dfalse%26keyword%3Dcoconut+sugar%26src%3Dsearch",
    "search_query":"coconut sugar",
    "weight_kg":1.0,
    "price_per_kg":57000.0,
    "0":"lain",
    "1":"organik"
  },
  {
    "_id":{
      "$oid":"684908867013c07662ad8c60"
    },
    "timestamp_scrape":"2025-06-11T11:20:27.613290",
    "ecommerce":"Tokopedia",
    "product_name":"Coconut Sugar \/ Gula Kelapa 1 KG Realsa",
    "price_raw":"Rp53.000",
    "price_clean":53000.0,
    "shop_name":"Realsa ID",
    "location":"Lokasi tidak tersedia",
    "sold_count_raw":"17 terjual",
    "sold_count_clean":17.0,
    "product_url":"https:\/\/www.tokopedia.com\/realsaid\/coconut-sugar-gula-kelapa-1-kg-realsa?extParam=ivf%3Dfalse%26keyword%3Dcoconut+sugar%26src%3Dsearch",
    "search_query":"coconut sugar",
    "weight_kg":1.0,
    "price_per_kg":53000.0,
    "0":"lain",
    "1":"umum"
  },
  {
    "_id":{
      "$oid":"684908867013c07662ad8c61"
    },
    "timestamp_scrape":"2025-06-11T11:20:28.216371",
    "ecommerce":"Tokopedia",
    "product_name":"Gula Kelapa Organik Merah 100 gram \/ Coconut Sugar Organic \/ Gula Semut Kelapa 100 gram Organic Paradise",
    "price_raw":"Rp9.900",
    "price_clean":9900.0,
    "shop_name":"OrganicParadise.id",
    "location":"Lokasi tidak tersedia",
    "sold_count_raw":"30+ terjual",
    "sold_count_clean":30.0,
    "product_url":"https:\/\/www.tokopedia.com\/organicparadise\/gula-kelapa-organik-merah-100-gram-coconut-sugar-organic-gula-semut-kelapa-100-gram-organic-paradise-1729647391303238708?extParam=ivf%3Dfalse%26keyword%3Dcoconut+sugar%26src%3Dsearch",
    "search_query":"coconut sugar",
    "weight_kg":0.1,
    "price_per_kg":99000.0,
    "0":"lain",
    "1":"organik"
  },
  {
    "_id":{
      "$oid":"684908867013c07662ad8c62"
    },
    "timestamp_scrape":"2025-06-11T11:20:28.810716",
    "ecommerce":"Tokopedia",
    "product_name":"Gula Kelapa Organik 300gr \/ 100% Pure Organic Coconut Sugar MURAH",
    "price_raw":"Rp45.000",
    "price_clean":45000.0,
    "shop_name":"Pusat Roromendut Jakarta",
    "location":"Lokasi tidak tersedia",
    "sold_count_raw":"9 terjual",
    "sold_count_clean":9.0,
    "product_url":"https:\/\/www.tokopedia.com\/jktroromendut\/gula-kelapa-organik-300gr-100-pure-organic-coconut-sugar-murah?extParam=ivf%3Dfalse%26keyword%3Dcoconut+sugar%26src%3Dsearch",
    "search_query":"coconut sugar",
    "weight_kg":0.3,
    "price_per_kg":150000.0,
    "0":"lain",
    "1":"organik"
  },
  {
    "_id":{
      "$oid":"684908867013c07662ad8c63"
    },
    "timestamp_scrape":"2025-06-11T11:20:29.402842",
    "ecommerce":"Tokopedia",
    "product_name":"gula kelapa organik \/ gula semut kelapa asli\/ coconut sugar",
    "price_raw":"Rp18.900",
    "price_clean":18900.0,
    "shop_name":"TOKO PAPETA",
    "location":"Lokasi tidak tersedia",
    "sold_count_raw":"26 terjual",
    "sold_count_clean":26.0,
    "product_url":"https:\/\/www.tokopedia.com\/tokopapeta\/gula-kelapa-organik-gula-semut-kelapa-asli-coconut-sugar?extParam=ivf%3Dfalse%26keyword%3Dcoconut+sugar%26src%3Dsearch",
    "search_query":"coconut sugar",
    "weight_kg":null,
    "price_per_kg":null,
    "0":"lain",
    "1":"umum"
  },
  {
    "_id":{
      "$oid":"684908867013c07662ad8c64"
    },
    "timestamp_scrape":"2025-06-11T11:20:29.992565",
    "ecommerce":"Tokopedia",
    "product_name":"Organic Coconut Palm Sugar Gula Kelapa Organik Good Quality 250 gr",
    "price_raw":"Rp18.000",
    "price_clean":18000.0,
    "shop_name":"MAMA BAKING SUPPLY STORE",
    "location":"Lokasi tidak tersedia",
    "sold_count_raw":"100+ terjual",
    "sold_count_clean":100.0,
    "product_url":"https:\/\/www.tokopedia.com\/vonmei\/organic-coconut-palm-sugar-gula-kelapa-organik-good-quality-250-gr?extParam=ivf%3Dfalse%26keyword%3Dcoconut+sugar%26src%3Dsearch",
    "search_query":"coconut sugar",
    "weight_kg":0.25,
    "price_per_kg":72000.0,
    "0":"lain",
    "1":"organik"
  },
  {
    "_id":{
      "$oid":"684908867013c07662ad8c65"
    },
    "timestamp_scrape":"2025-06-11T11:20:30.581748",
    "ecommerce":"Tokopedia",
    "product_name":"Gula Kelapa 1Kg Kristal Organik\/Coconut Sugar\/Brown Sugar 1Kg",
    "price_raw":"Rp16.340",
    "price_clean":16340.0,
    "shop_name":"Berkah Bumi Mart",
    "location":"Lokasi tidak tersedia",
    "sold_count_raw":"5rb+ terjual",
    "sold_count_clean":5000.0,
    "product_url":"https:\/\/www.tokopedia.com\/berkah-bumi\/gula-kelapa-1kg-kristal-organik-coconut-sugar-brown-sugar-1kg-250-g-1ddb3?extParam=ivf%3Dfalse%26keyword%3Dcoconut+sugar%26src%3Dsearch",
    "search_query":"coconut sugar",
    "weight_kg":1.0,
    "price_per_kg":16340.0,
    "0":"lain",
    "1":"organik"
  },
  {
    "_id":{
      "$oid":"684908867013c07662ad8c66"
    },
    "timestamp_scrape":"2025-06-11T11:20:31.171389",
    "ecommerce":"Tokopedia",
    "product_name":"Brown Sugar Caramel Coffee Latte",
    "price_raw":"Rp85.000",
    "price_clean":85000.0,
    "shop_name":"Daboba Ind",
    "location":"Lokasi tidak tersedia",
    "sold_count_raw":"1 terjual",
    "sold_count_clean":1.0,
    "product_url":"https:\/\/www.tokopedia.com\/dabobaindo\/brown-sugar-caramel-coffee-latte?extParam=ivf%3Dfalse%26keyword%3Dcoconut+sugar&src=topads",
    "search_query":"coconut sugar",
    "weight_kg":null,
    "price_per_kg":null,
    "0":"bubuk",
    "1":"organik"
  },
  {
    "_id":{
      "$oid":"684908867013c07662ad8c69"
    },
    "timestamp_scrape":"2025-06-11T11:20:56.978797",
    "ecommerce":"Tokopedia",
    "product_name":"Coconut Sugar 125gr",
    "price_raw":"Rp23.500",
    "price_clean":23500.0,
    "shop_name":"MSH REMPAH",
    "location":"Lokasi tidak tersedia",
    "sold_count_raw":"100+ terjual",
    "sold_count_clean":100.0,
    "product_url":"https:\/\/www.tokopedia.com\/mshrempah\/coconut-sugar-125gr-1729584010898672189?extParam=ivf%3Dfalse%26keyword%3Dcoconut+sugar%26src%3Dsearch",
    "search_query":"coconut sugar",
    "weight_kg":0.125,
    "price_per_kg":188000.0,
    "0":"lain",
    "1":"umum"
  },
  {
    "_id":{
      "$oid":"684908867013c07662ad8c6a"
    },
    "timestamp_scrape":"2025-06-11T11:20:57.567590",
    "ecommerce":"Tokopedia",
    "product_name":"Organic Coconut sugar Nucifera 250 g",
    "price_raw":"Rp19.600",
    "price_clean":19600.0,
    "shop_name":"KedaiJSRYogya",
    "location":"Lokasi tidak tersedia",
    "sold_count_raw":"4 terjual",
    "sold_count_clean":4.0,
    "product_url":"https:\/\/www.tokopedia.com\/kedaijsryogya\/organic-coconut-sugar-nucifera-250-g?extParam=ivf%3Dfalse%26keyword%3Dcoconut+sugar%26src%3Dsearch",
    "search_query":"coconut sugar",
    "weight_kg":0.25,
    "price_per_kg":78400.0,
    "0":"bubuk",
    "1":"organik"
  },
  {
    "_id":{
      "$oid":"684908867013c07662ad8c6b"
    },
    "timestamp_scrape":"2025-06-11T11:20:58.159113",
    "ecommerce":"Tokopedia",
    "product_name":"Javara Gula Semut Cinamon \/ coconut sugar cinamon 250 gram",
    "price_raw":"Rp66.000",
    "price_clean":66000.0,
    "shop_name":"Ckmrshop",
    "location":"Lokasi tidak tersedia",
    "sold_count_raw":"1 terjual",
    "sold_count_clean":1.0,
    "product_url":"https:\/\/www.tokopedia.com\/ckmrshop\/javara-gula-semut-cinamon-coconut-sugar-cinamon-250-gram?extParam=ivf%3Dfalse%26keyword%3Dcoconut+sugar%26src%3Dsearch",
    "search_query":"coconut sugar",
    "weight_kg":0.25,
    "price_per_kg":264000.0,
    "0":"lain",
    "1":"murni"
  },
  {
    "_id":{
      "$oid":"684908867013c07662ad8c6c"
    },
    "timestamp_scrape":"2025-06-11T11:20:58.751446",
    "ecommerce":"Tokopedia",
    "product_name":"COCONUT SUGAR Ginger Flavour Nubliss",
    "price_raw":"Rp28.800",
    "price_clean":28800.0,
    "shop_name":"Hellow JOY'S",
    "location":"Lokasi tidak tersedia",
    "sold_count_raw":"2 terjual",
    "sold_count_clean":2.0,
    "product_url":"https:\/\/www.tokopedia.com\/hellowjoys\/coconut-sugar-ginger-flavour-nubliss?extParam=ivf%3Dfalse%26keyword%3Dcoconut+sugar%26src%3Dsearch",
    "search_query":"coconut sugar",
    "weight_kg":null,
    "price_per_kg":null,
    "0":"lain",
    "1":"organik"
  },
  {
    "_id":{
      "$oid":"684908867013c07662ad8c6d"
    },
    "timestamp_scrape":"2025-06-11T11:20:59.342661",
    "ecommerce":"Tokopedia",
    "product_name":"Coconut Sugar",
    "price_raw":"Rp20.700",
    "price_clean":20700.0,
    "shop_name":"Healthy Farm",
    "location":"Lokasi tidak tersedia",
    "sold_count_raw":"250+ terjual",
    "sold_count_clean":250.0,
    "product_url":"https:\/\/www.tokopedia.com\/healthyfarm\/coconut-sugar?extParam=ivf%3Dfalse%26keyword%3Dcoconut+sugar%26src%3Dsearch",
    "search_query":"coconut sugar",
    "weight_kg":null,
    "price_per_kg":null,
    "0":"lain",
    "1":"umum"
  },
  {
    "_id":{
      "$oid":"684908867013c07662ad8c6e"
    },
    "timestamp_scrape":"2025-06-11T11:20:59.925968",
    "ecommerce":"Tokopedia",
    "product_name":"StirUp It’s Coconut Sugar - Gourmet Syrup Rasa Gula Kelapa",
    "price_raw":"Rp88.800",
    "price_clean":88800.0,
    "shop_name":"StirUp Official Store",
    "location":"Lokasi tidak tersedia",
    "sold_count_raw":"4 terjual",
    "sold_count_clean":4.0,
    "product_url":"https:\/\/www.tokopedia.com\/stirupofficial\/stirup-it-s-coconut-sugar-gourmet-syrup-rasa-gula-kelapa?extParam=ivf%3Dfalse%26keyword%3Dcoconut+sugar%26src%3Dsearch",
    "search_query":"coconut sugar",
    "weight_kg":null,
    "price_per_kg":null,
    "0":"lain",
    "1":"umum"
  },
  {
    "_id":{
      "$oid":"684908867013c07662ad8c6f"
    },
    "timestamp_scrape":"2025-06-11T11:21:00.523222",
    "ecommerce":"Tokopedia",
    "product_name":"Organic Local White Coconut Sugar Nucifera",
    "price_raw":"Rp28.600",
    "price_clean":28600.0,
    "shop_name":"Gut Living Indonesia",
    "location":"Lokasi tidak tersedia",
    "sold_count_raw":"100+ terjual",
    "sold_count_clean":100.0,
    "product_url":"https:\/\/www.tokopedia.com\/gutliving\/organic-local-white-coconut-sugar-nucifera-250gr?extParam=ivf%3Dfalse%26keyword%3Dcoconut+sugar%26src%3Dsearch",
    "search_query":"coconut sugar",
    "weight_kg":null,
    "price_per_kg":null,
    "0":"lain",
    "1":"umum"
  },
  {
    "_id":{
      "$oid":"684908867013c07662ad8c70"
    },
    "timestamp_scrape":"2025-06-11T11:21:01.145200",
    "ecommerce":"Tokopedia",
    "product_name":"Organic Crystal Coconut Sugar Javara Gula Kelapa Kristal Organik 300gr",
    "price_raw":"Rp39.900",
    "price_clean":39900.0,
    "shop_name":"Warung Shiha",
    "location":"Lokasi tidak tersedia",
    "sold_count_raw":"70+ terjual",
    "sold_count_clean":70.0,
    "product_url":"https:\/\/www.tokopedia.com\/warungshiha\/organic-crystal-coconut-sugar-javara-gula-kelapa-kristal-organik-300gr?extParam=ivf%3Dfalse%26keyword%3Dcoconut+sugar%26src%3Dsearch",
    "search_query":"coconut sugar",
    "weight_kg":0.3,
    "price_per_kg":133000.0,
    "0":"cair",
    "1":"umum"
  },
  {
    "_id":{
      "$oid":"684908867013c07662ad8c71"
    },
    "timestamp_scrape":"2025-06-11T11:21:01.732077",
    "ecommerce":"Tokopedia",
    "product_name":"GULA DIET WHITE COCONUT SUGAR NUCIFERA ORGANIK",
    "price_raw":"Rp30.000",
    "price_clean":30000.0,
    "shop_name":"dapurorganik",
    "location":"Lokasi tidak tersedia",
    "sold_count_raw":"2 terjual",
    "sold_count_clean":2.0,
    "product_url":"https:\/\/www.tokopedia.com\/dapurorganik-1\/gula-diet-white-coconut-sugar-nucifera-organik?extParam=ivf%3Dfalse%26keyword%3Dcoconut+sugar%26src%3Dsearch",
    "search_query":"coconut sugar",
    "weight_kg":null,
    "price_per_kg":null,
    "0":"lain",
    "1":"umum"
  },
  {
    "_id":{
      "$oid":"684908867013c07662ad8c72"
    },
    "timestamp_scrape":"2025-06-11T11:21:02.321288",
    "ecommerce":"Tokopedia",
    "product_name":"VCO Minyak Kucing Pure Virgin Coconut Oil 100% Natural Obat Jamur Alami Vitamin Bulu Kucing Musang Kelinci Sugar Glider",
    "price_raw":"Rp9.900",
    "price_clean":9900.0,
    "shop_name":"Pluto Petshop_NEW",
    "location":"Lokasi tidak tersedia",
    "sold_count_raw":"4 terjual",
    "sold_count_clean":4.0,
    "product_url":"https:\/\/www.tokopedia.com\/galeryawan\/vco-minyak-kucing-pure-virgin-coconut-oil-100-natural-obat-jamur-alami-vitamin-bulu-kucing-musang-kelinci-sugar-glider-1730982495332370410?extParam=ivf%3Dfalse%26keyword%3Dcoconut+sugar%26src%3Dsearch",
    "search_query":"coconut sugar",
    "weight_kg":null,
    "price_per_kg":null,
    "0":"lain",
    "1":"umum"
  },
  {
    "_id":{
      "$oid":"684908867013c07662ad8c73"
    },
    "timestamp_scrape":"2025-06-11T11:21:02.918825",
    "ecommerce":"Tokopedia",
    "product_name":"Tani Organic Coconut Sugar 1 Kg - Gula Kelapa Organik Tani Organic 1Kg",
    "price_raw":"Rp59.900",
    "price_clean":59900.0,
    "shop_name":"Alora Essential",
    "location":"Lokasi tidak tersedia",
    "sold_count_raw":"5 terjual",
    "sold_count_clean":5.0,
    "product_url":"https:\/\/www.tokopedia.com\/aloraessential\/tani-organic-coconut-sugar-1-kg-gula-kelapa-organik-tani-organic-1kg-1729800822846752573?extParam=ivf%3Dfalse%26keyword%3Dcoconut+sugar%26src%3Dsearch",
    "search_query":"coconut sugar",
    "weight_kg":1.0,
    "price_per_kg":59900.0,
    "0":"lain",
    "1":"umum"
  },
  {
    "_id":{
      "$oid":"684908867013c07662ad8c76"
    },
    "timestamp_scrape":"2025-06-11T11:21:32.134252",
    "ecommerce":"Tokopedia",
    "product_name":"Gula Kelapa Organik Rasa Jahe 250g Browco Premium Coconut Sugar Ginge",
    "price_raw":"Rp30.000",
    "price_clean":30000.0,
    "shop_name":"Yusup Suparman Shop",
    "location":"Lokasi tidak tersedia",
    "sold_count_raw":"2 terjual",
    "sold_count_clean":2.0,
    "product_url":"https:\/\/www.tokopedia.com\/yusupsuparman\/gula-kelapa-organik-rasa-jahe-250g-browco-premium-coconut-sugar-ginge?extParam=ivf%3Dfalse%26keyword%3Dcoconut+sugar%26src%3Dsearch",
    "search_query":"coconut sugar",
    "weight_kg":0.25,
    "price_per_kg":120000.0,
    "0":"bubuk",
    "1":"umum"
  },
  {
    "_id":{
      "$oid":"684908867013c07662ad8c77"
    },
    "timestamp_scrape":"2025-06-11T11:21:32.732728",
    "ecommerce":"Tokopedia",
    "product_name":"Palmsuiker Prima \/ Palm Sugar \/ Coconut Sugar",
    "price_raw":"Rp46.000",
    "price_clean":46000.0,
    "shop_name":"JAWARA SEASONING",
    "location":"Lokasi tidak tersedia",
    "sold_count_raw":"100+ terjual",
    "sold_count_clean":100.0,
    "product_url":"https:\/\/www.tokopedia.com\/jawarase\/palmsuiker-prima-palm-sugar-coconut-sugar?extParam=ivf%3Dfalse%26keyword%3Dcoconut+sugar%26src%3Dsearch",
    "search_query":"coconut sugar",
    "weight_kg":null,
    "price_per_kg":null,
    "0":"lain",
    "1":"umum"
  },
  {
    "_id":{
      "$oid":"684908867013c07662ad8c79"
    },
    "timestamp_scrape":"2025-06-11T11:21:33.926097",
    "ecommerce":"Tokopedia",
    "product_name":"500gr Organic Coconut Sugar - Gula Kelapa Organik",
    "price_raw":"Rp26.780",
    "price_clean":26780.0,
    "shop_name":"Minimarket Kesehatan Vegan",
    "location":"Lokasi tidak tersedia",
    "sold_count_raw":"250+ terjual",
    "sold_count_clean":250.0,
    "product_url":"https:\/\/www.tokopedia.com\/kesehatanvegan\/500gr-organic-coconut-sugar-gula-kelapa-organik?extParam=ivf%3Dfalse%26keyword%3Dcoconut+sugar%26src%3Dsearch",
    "search_query":"coconut sugar",
    "weight_kg":0.5,
    "price_per_kg":53560.0,
    "0":"bubuk",
    "1":"umum"
  },
  {
    "_id":{
      "$oid":"684908867013c07662ad8c7a"
    },
    "timestamp_scrape":"2025-06-11T11:21:34.553505",
    "ecommerce":"Tokopedia",
    "product_name":"Singabera Organic Coconut Sugar Gula Kelapa Organik 454g",
    "price_raw":"Rp57.692",
    "price_clean":57692.0,
    "shop_name":"NUMI Center",
    "location":"Lokasi tidak tersedia",
    "sold_count_raw":"250+ terjual",
    "sold_count_clean":250.0,
    "product_url":"https:\/\/www.tokopedia.com\/numicenter\/singabera-organic-coconut-sugar-gula-kelapa-organik-454g?extParam=ivf%3Dfalse%26keyword%3Dcoconut+sugar%26src%3Dsearch%26whid%3D366982",
    "search_query":"coconut sugar",
    "weight_kg":0.454,
    "price_per_kg":127074.8898678414,
    "0":"bubuk",
    "1":"umum"
  },
  {
    "_id":{
      "$oid":"684908867013c07662ad8c7c"
    },
    "timestamp_scrape":"2025-06-11T11:21:35.736103",
    "ecommerce":"Tokopedia",
    "product_name":"BeOrganik Coconut Sugar Powder \/ Gula Kelapa Bubuk 350gr, Brothermeatshop",
    "price_raw":"Rp44.900",
    "price_clean":44900.0,
    "shop_name":"Brothermeatshop",
    "location":"Lokasi tidak tersedia",
    "sold_count_raw":"8 terjual",
    "sold_count_clean":8.0,
    "product_url":"https:\/\/www.tokopedia.com\/brothermeatshop\/beorganik-coconut-sugar-powder-gula-kelapa-bubuk-350gr-brothermeatshop?extParam=ivf%3Dfalse%26keyword%3Dcoconut+sugar%26src%3Dsearch",
    "search_query":"coconut sugar",
    "weight_kg":0.35,
    "price_per_kg":128285.7142857143,
    "0":"lain",
    "1":"umum"
  },
  {
    "_id":{
      "$oid":"684908867013c07662ad8c7d"
    },
    "timestamp_scrape":"2025-06-11T11:21:36.340383",
    "ecommerce":"Tokopedia",
    "product_name":"Cumi Kecombrang Keto 1\/4 KG (use coconut oil and no sugar)",
    "price_raw":"Rp99.000",
    "price_clean":99000.0,
    "shop_name":"Ceker Kecombrang",
    "location":"Lokasi tidak tersedia",
    "sold_count_raw":"18 terjual",
    "sold_count_clean":18.0,
    "product_url":"https:\/\/www.tokopedia.com\/ckecombrang\/cumi-kecombrang-keto-1-4-kg-use-coconut-oil-and-no-sugar?extParam=ivf%3Dfalse%26keyword%3Dcoconut+sugar%26src%3Dsearch",
    "search_query":"coconut sugar",
    "weight_kg":4.0,
    "price_per_kg":24750.0,
    "0":"lain",
    "1":"umum"
  },
  {
    "_id":{
      "$oid":"684908867013c07662ad8c7e"
    },
    "timestamp_scrape":"2025-06-11T11:21:36.930527",
    "ecommerce":"Tokopedia",
    "product_name":"TC Original Gula Kelapa Organik (Coconut Sugar) 500 gram",
    "price_raw":"Rp25.500",
    "price_clean":25500.0,
    "shop_name":"Khas Jaya Nusantara",
    "location":"Lokasi tidak tersedia",
    "sold_count_raw":"250+ terjual",
    "sold_count_clean":250.0,
    "product_url":"https:\/\/www.tokopedia.com\/khas-jaya-nusantara\/tc-original-gula-kelapa-organik-coconut-sugar-500-gram?extParam=ivf%3Dfalse%26keyword%3Dcoconut+sugar%26src%3Dsearch",
    "search_query":"coconut sugar",
    "weight_kg":0.5,
    "price_per_kg":51000.0,
    "0":"lain",
    "1":"organik"
  },
  {
    "_id":{
      "$oid":"684908867013c07662ad8c7f"
    },
    "timestamp_scrape":"2025-06-11T11:21:37.521988",
    "ecommerce":"Tokopedia",
    "product_name":"MINIME Pantry - Coconut Sugar 500gr",
    "price_raw":"Rp30.000",
    "price_clean":30000.0,
    "shop_name":"Minime Store_NEW",
    "location":"Lokasi tidak tersedia",
    "sold_count_raw":"23 terjual",
    "sold_count_clean":23.0,
    "product_url":"https:\/\/www.tokopedia.com\/granolabyminime\/minime-pantry-coconut-sugar-500gr-1729602976192039558?extParam=ivf%3Dfalse%26keyword%3Dcoconut+sugar%26src%3Dsearch",
    "search_query":"coconut sugar",
    "weight_kg":0.5,
    "price_per_kg":60000.0,
    "0":"lain",
    "1":"organik"
  },
  {
    "_id":{
      "$oid":"684908867013c07662ad8c80"
    },
    "timestamp_scrape":"2025-06-11T11:21:38.111026",
    "ecommerce":"Tokopedia",
    "product_name":"Organic Crystal Coconut Sugar\/Gula Kelapa Kristal Organik\/Semut 1Kg",
    "price_raw":"Rp49.950",
    "price_clean":49950.0,
    "shop_name":"Bima CCTV",
    "location":"Lokasi tidak tersedia",
    "sold_count_raw":"3 terjual",
    "sold_count_clean":3.0,
    "product_url":"https:\/\/www.tokopedia.com\/bimacctv\/organic-crystal-coconut-sugar-gula-kelapa-kristal-organik-semut-1kg?extParam=ivf%3Dfalse%26keyword%3Dcoconut+sugar%26src%3Dsearch",
    "search_query":"coconut sugar",
    "weight_kg":1.0,
    "price_per_kg":49950.0,
    "0":"lain",
    "1":"umum"
  },
  {
    "_id":{
      "$oid":"684908867013c07662ad8c81"
    },
    "timestamp_scrape":"2025-06-11T11:21:38.702067",
    "ecommerce":"Tokopedia",
    "product_name":"Nira Murni Brand Coconut Sugar 300gr | Nira Murni Gula Kelapa 300 gr",
    "price_raw":"Rp35.500",
    "price_clean":35500.0,
    "shop_name":"Kebhott Shop",
    "location":"Lokasi tidak tersedia",
    "sold_count_raw":"11 terjual",
    "sold_count_clean":11.0,
    "product_url":"https:\/\/www.tokopedia.com\/zarkasyi\/nira-murni-brand-coconut-sugar-300gr-nira-murni-gula-kelapa-300-gr?extParam=ivf%3Dfalse%26keyword%3Dcoconut+sugar%26src%3Dsearch",
    "search_query":"coconut sugar",
    "weight_kg":0.3,
    "price_per_kg":118333.3333333333,
    "0":"lain",
    "1":"umum"
  },
  {
    "_id":{
      "$oid":"684908867013c07662ad8c82"
    },
    "timestamp_scrape":"2025-06-11T11:21:39.290692",
    "ecommerce":"Tokopedia",
    "product_name":"Gula Kelapa Organik \/ Organic Coconut Sugar 100gr",
    "price_raw":"Rp9.500",
    "price_clean":9500.0,
    "shop_name":"HealthyUs",
    "location":"Lokasi tidak tersedia",
    "sold_count_raw":"13 terjual",
    "sold_count_clean":13.0,
    "product_url":"https:\/\/www.tokopedia.com\/healthyus\/gula-kelapa-organik-organic-coconut-sugar-100gr?extParam=ivf%3Dfalse%26keyword%3Dcoconut+sugar%26src%3Dsearch",
    "search_query":"coconut sugar",
    "weight_kg":0.1,
    "price_per_kg":95000.0,
    "0":"lain",
    "1":"umum"
  },
  {
    "_id":{
      "$oid":"684908867013c07662ad8c86"
    },
    "timestamp_scrape":"2025-06-11T11:22:08.083294",
    "ecommerce":"Tokopedia",
    "product_name":"Ansell Coconut Sugar [300 gr]",
    "price_raw":"Rp29.900",
    "price_clean":29900.0,
    "shop_name":"Rillahshop",
    "location":"Lokasi tidak tersedia",
    "sold_count_raw":"0 terjual",
    "sold_count_clean":0.0,
    "product_url":"https:\/\/www.tokopedia.com\/rillahshop\/ansell-coconut-sugar-300-gr?extParam=ivf%3Dfalse%26keyword%3Dcoconut+sugar%26src%3Dsearch",
    "search_query":"coconut sugar",
    "weight_kg":0.3,
    "price_per_kg":99666.6666666667,
    "0":"lain",
    "1":"murni"
  },
  {
    "_id":{
      "$oid":"684908867013c07662ad8c87"
    },
    "timestamp_scrape":"2025-06-11T11:22:09.319695",
    "ecommerce":"Tokopedia",
    "product_name":"wayang gula jawa 500gr coconut sugar",
    "price_raw":"Rp43.500",
    "price_clean":43500.0,
    "shop_name":"LyLovLie Olshop",
    "location":"Lokasi tidak tersedia",
    "sold_count_raw":"0 terjual",
    "sold_count_clean":0.0,
    "product_url":"https:\/\/www.tokopedia.com\/lidyayuliana\/wayang-gula-jawa-500gr-coconut-sugar?extParam=ivf%3Dfalse%26keyword%3Dcoconut+sugar%26src%3Dsearch",
    "search_query":"coconut sugar",
    "weight_kg":0.5,
    "price_per_kg":87000.0,
    "0":"lain",
    "1":"umum"
  },
  {
    "_id":{
      "$oid":"684908867013c07662ad8c89"
    },
    "timestamp_scrape":"2025-06-11T11:22:10.503989",
    "ecommerce":"Tokopedia",
    "product_name":"Organic Coconut Sugar 1kg",
    "price_raw":"Rp75.000",
    "price_clean":75000.0,
    "shop_name":"Lewis Organics Factory",
    "location":"Lokasi tidak tersedia",
    "sold_count_raw":"23 terjual",
    "sold_count_clean":23.0,
    "product_url":"https:\/\/www.tokopedia.com\/lewisorganicsfactor\/organic-coconut-sugar-1kg?extParam=ivf%3Dfalse%26keyword%3Dcoconut+sugar%26src%3Dsearch",
    "search_query":"coconut sugar",
    "weight_kg":1.0,
    "price_per_kg":75000.0,
    "0":"lain",
    "1":"umum"
  },
  {
    "_id":{
      "$oid":"684908867013c07662ad8c8a"
    },
    "timestamp_scrape":"2025-06-11T11:22:11.787354",
    "ecommerce":"Tokopedia",
    "product_name":"Dripp Flavour Premium Syrup Rasa Coconut Sugar 760 ml",
    "price_raw":"Rp111.000",
    "price_clean":111000.0,
    "shop_name":"iKopi Official Store",
    "location":"Lokasi tidak tersedia",
    "sold_count_raw":"0 terjual",
    "sold_count_clean":0.0,
    "product_url":"https:\/\/www.tokopedia.com\/ikopijakarta\/dripp-flavour-premium-syrup-rasa-coconut-sugar-760-ml?extParam=ivf%3Dfalse%26keyword%3Dcoconut+sugar%26src%3Dsearch",
    "search_query":"coconut sugar",
    "weight_kg":0.76,
    "price_per_kg":146052.6315789474,
    "0":"lain",
    "1":"umum"
  },
  {
    "_id":{
      "$oid":"684908867013c07662ad8c8c"
    },
    "timestamp_scrape":"2025-06-11T11:22:12.971872",
    "ecommerce":"Tokopedia",
    "product_name":"Warung Shiha - White Coconut Sugar Nucifera 250 gram",
    "price_raw":"Rp29.040",
    "price_clean":29040.0,
    "shop_name":"Warung Shiha",
    "location":"Lokasi tidak tersedia",
    "sold_count_raw":"90+ terjual",
    "sold_count_clean":90.0,
    "product_url":"https:\/\/www.tokopedia.com\/warungshiha\/warung-shiha-white-coconut-sugar-nucifera-250-gram?extParam=ivf%3Dfalse%26keyword%3Dcoconut+sugar%26src%3Dsearch",
    "search_query":"coconut sugar",
    "weight_kg":0.25,
    "price_per_kg":116160.0,
    "0":"cair",
    "1":"umum"
  },
  {
    "_id":{
      "$oid":"684908867013c07662ad8c8d"
    },
    "timestamp_scrape":"2025-06-11T11:22:13.566098",
    "ecommerce":"Tokopedia",
    "product_name":"Hampers ( isi 4bowl ) Free Kartu Ucapan dan Pita Bubur Sumsum Mahmud Homemade with Premium Ingredient ( Real Coconut Milk and Handpicked Brown Sugar)",
    "price_raw":"Rp125.000",
    "price_clean":125000.0,
    "shop_name":"ReiandKei Wholesaler",
    "location":"Lokasi tidak tersedia",
    "sold_count_raw":"30+ terjual",
    "sold_count_clean":30.0,
    "product_url":"https:\/\/www.tokopedia.com\/rnkwholesaler\/hampers-isi-4bowl-free-kartu-ucapan-dan-pita-bubur-sumsum-mahmud-homemade-with-premium-ingredient-real-coconut-milk-and-handpicked-brown-sugar?extParam=ivf%3Dfalse%26keyword%3Dcoconut+sugar%26src%3Dsearch",
    "search_query":"coconut sugar",
    "weight_kg":null,
    "price_per_kg":null,
    "0":"lain",
    "1":"organik"
  },
  {
    "_id":{
      "$oid":"684908867013c07662ad8c8e"
    },
    "timestamp_scrape":"2025-06-11T11:22:14.156075",
    "ecommerce":"Tokopedia",
    "product_name":"NAKED whey protein All natural grass fed Coconut Sugar 25 g \/ servings",
    "price_raw":"Rp4.864.000",
    "price_clean":4864000.0,
    "shop_name":"VitaliseDaily",
    "location":"Lokasi tidak tersedia",
    "sold_count_raw":"14 terjual",
    "sold_count_clean":14.0,
    "product_url":"https:\/\/www.tokopedia.com\/vitalisedaily\/naked-whey-protein-all-natural-grass-fed-coconut-sugar-25-g-servings-1731247665755030964?extParam=ivf%3Dfalse%26keyword%3Dcoconut+sugar%26src%3Dsearch",
    "search_query":"coconut sugar",
    "weight_kg":0.025,
    "price_per_kg":194560000.0,
    "0":"lain",
    "1":"umum"
  },
  {
    "_id":{
      "$oid":"684908867013c07662ad8c8f"
    },
    "timestamp_scrape":"2025-06-11T11:22:14.747150",
    "ecommerce":"Tokopedia",
    "product_name":"Organic Coconut Sugar 250gr",
    "price_raw":"Rp40.000",
    "price_clean":40000.0,
    "shop_name":"Lewis Organics Factory",
    "location":"Lokasi tidak tersedia",
    "sold_count_raw":"13 terjual",
    "sold_count_clean":13.0,
    "product_url":"https:\/\/www.tokopedia.com\/lewisorganicsfactor\/organic-coconut-sugar-250gr?extParam=ivf%3Dfalse%26keyword%3Dcoconut+sugar%26src%3Dsearch",
    "search_query":"coconut sugar",
    "weight_kg":0.25,
    "price_per_kg":160000.0,
    "0":"lain",
    "1":"organik"
  },
  {
    "_id":{
      "$oid":"684908867013c07662ad8c90"
    },
    "timestamp_scrape":"2025-06-11T11:22:15.335147",
    "ecommerce":"Tokopedia",
    "product_name":"Gula Jawa Gula Merah Gula Kelapa Sugar Coconut Khusus GoJEK GRAB SAME",
    "price_raw":"Rp35.000",
    "price_clean":35000.0,
    "shop_name":"In Store Jakarta",
    "location":"Lokasi tidak tersedia",
    "sold_count_raw":"1 terjual",
    "sold_count_clean":1.0,
    "product_url":"https:\/\/www.tokopedia.com\/instorejakarta\/gula-jawa-gula-merah-gula-kelapa-sugar-coconut-khusus-gojek-grab-same?extParam=ivf%3Dfalse%26keyword%3Dcoconut+sugar%26src%3Dsearch",
    "search_query":"coconut sugar",
    "weight_kg":null,
    "price_per_kg":null,
    "0":"lain",
    "1":"umum"
  },
  {
    "_id":{
      "$oid":"684908867013c07662ad8c91"
    },
    "timestamp_scrape":"2025-06-11T11:22:15.929014",
    "ecommerce":"Tokopedia",
    "product_name":"javara gula semut ginger coconut sugar 250gr",
    "price_raw":"Rp43.000",
    "price_clean":43000.0,
    "shop_name":"LyLovLie Olshop",
    "location":"Lokasi tidak tersedia",
    "sold_count_raw":"100+ terjual",
    "sold_count_clean":100.0,
    "product_url":"https:\/\/www.tokopedia.com\/lidyayuliana\/javara-gula-semut-ginger-coconut-sugar-250gr?extParam=ivf%3Dfalse%26keyword%3Dcoconut+sugar%26src%3Dsearch",
    "search_query":"coconut sugar",
    "weight_kg":0.25,
    "price_per_kg":172000.0,
    "0":"lain",
    "1":"organik"
  },
  {
    "_id":{
      "$oid":"684908867013c07662ad8c92"
    },
    "timestamp_scrape":"2025-06-11T11:22:16.526595",
    "ecommerce":"Tokopedia",
    "product_name":"Brown Sugar Sachet \/ Coconut Sugar Sachet Isi 50Pcs",
    "price_raw":"Rp29.900",
    "price_clean":29900.0,
    "shop_name":"Bentala healthy",
    "location":"Lokasi tidak tersedia",
    "sold_count_raw":"70+ terjual",
    "sold_count_clean":70.0,
    "product_url":"https:\/\/www.tokopedia.com\/bentalahealthy\/brown-sugar-sachet-coconut-sugar-sachet-isi-50pcs?extParam=ivf%3Dfalse%26keyword%3Dcoconut+sugar%26src%3Dsearch",
    "search_query":"coconut sugar",
    "weight_kg":null,
    "price_per_kg":null,
    "0":"lain",
    "1":"organik"
  },
  {
    "_id":{
      "$oid":"684908867013c07662ad8c96"
    },
    "timestamp_scrape":"2025-06-11T11:22:43.280440",
    "ecommerce":"Tokopedia",
    "product_name":"Gula Semut \/ Gula Kelapa Organik Coconut Sugar Organic 250 gram",
    "price_raw":"Rp18.000",
    "price_clean":18000.0,
    "shop_name":"Healthy Paradise",
    "location":"Lokasi tidak tersedia",
    "sold_count_raw":"9 terjual",
    "sold_count_clean":9.0,
    "product_url":"https:\/\/www.tokopedia.com\/paradisemartid\/gula-semut-gula-kelapa-organik-coconut-sugar-organic-250-gram?extParam=ivf%3Dfalse%26keyword%3Dcoconut+sugar%26src%3Dsearch",
    "search_query":"coconut sugar",
    "weight_kg":0.25,
    "price_per_kg":72000.0,
    "0":"lain",
    "1":"umum"
  },
  {
    "_id":{
      "$oid":"684908867013c07662ad8c97"
    },
    "timestamp_scrape":"2025-06-11T11:22:43.873591",
    "ecommerce":"Tokopedia",
    "product_name":"Palm Sugar Arenga Curah \/ Gula Semut 100% Asli\/bukan Coconut Sugar\/1kg",
    "price_raw":"Rp60.000",
    "price_clean":60000.0,
    "shop_name":"Kapunka Shop",
    "location":"Lokasi tidak tersedia",
    "sold_count_raw":"100+ terjual",
    "sold_count_clean":100.0,
    "product_url":"https:\/\/www.tokopedia.com\/arnytonang17\/palm-sugar-arenga-curah-gula-semut-100-asli-bukan-coconut-sugar-1kg?extParam=ivf%3Dfalse%26keyword%3Dcoconut+sugar%26src%3Dsearch",
    "search_query":"coconut sugar",
    "weight_kg":1.0,
    "price_per_kg":60000.0,
    "0":"lain",
    "1":"umum"
  },
  {
    "_id":{
      "$oid":"684908867013c07662ad8c98"
    },
    "timestamp_scrape":"2025-06-11T11:22:44.471328",
    "ecommerce":"Tokopedia",
    "product_name":"Gula Kelapa \/ Gula Semut \/ Crystal Coconut Sugar 1Kg",
    "price_raw":"Rp46.000",
    "price_clean":46000.0,
    "shop_name":"healthycornersby",
    "location":"Lokasi tidak tersedia",
    "sold_count_raw":"14 terjual",
    "sold_count_clean":14.0,
    "product_url":"https:\/\/www.tokopedia.com\/healthycornersby\/gula-kelapa-gula-semut-crystal-coconut-sugar-1kg?extParam=ivf%3Dfalse%26keyword%3Dcoconut+sugar%26src%3Dsearch",
    "search_query":"coconut sugar",
    "weight_kg":1.0,
    "price_per_kg":46000.0,
    "0":"lain",
    "1":"organik"
  },
  {
    "_id":{
      "$oid":"684908867013c07662ad8c99"
    },
    "timestamp_scrape":"2025-06-11T11:22:45.064058",
    "ecommerce":"Tokopedia",
    "product_name":"Ready Stock GISOU Honey Infused Lip Oil 8ml\/Lip Gloss Lip Balm\/Watermelon Sugar Honey Gold Strawberry Mango Coconut Frost Pelembab Perawatan Bibir",
    "price_raw":"Rp912.000",
    "price_clean":912000.0,
    "shop_name":"fanyaaay",
    "location":"Lokasi tidak tersedia",
    "sold_count_raw":"7 terjual",
    "sold_count_clean":7.0,
    "product_url":"https:\/\/www.tokopedia.com\/faniyaaay\/ready-stock-gisou-honey-infused-lip-oil-8ml-lip-gloss-lip-balm-watermelon-sugar-honey-gold-strawberry-mango-coconut-frost-pelembab-perawatan-bibir-1731424021322303022?extParam=ivf%3Dfalse%26keyword%3Dcoconut+sugar%26src%3Dsearch",
    "search_query":"coconut sugar",
    "weight_kg":0.008,
    "price_per_kg":114000000.0,
    "0":"bubuk",
    "1":"organik"
  },
  {
    "_id":{
      "$oid":"684908867013c07662ad8c9a"
    },
    "timestamp_scrape":"2025-06-11T11:22:46.380777",
    "ecommerce":"Tokopedia",
    "product_name":"Greenara - Gula Kelapa 1Kg \/ Coconut Sugar",
    "price_raw":"Rp87.000",
    "price_clean":87000.0,
    "shop_name":"Agen Homedeco",
    "location":"Lokasi tidak tersedia",
    "sold_count_raw":"0 terjual",
    "sold_count_clean":0.0,
    "product_url":"https:\/\/www.tokopedia.com\/jamirin\/greenara-gula-kelapa-1kg-coconut-sugar-1731127897436948295?extParam=ivf%3Dfalse%26keyword%3Dcoconut+sugar%26src%3Dsearch",
    "search_query":"coconut sugar",
    "weight_kg":1.0,
    "price_per_kg":87000.0,
    "0":"lain",
    "1":"organik"
  },
  {
    "_id":{
      "$oid":"684908867013c07662ad8c9b"
    },
    "timestamp_scrape":"2025-06-11T11:22:46.976852",
    "ecommerce":"Tokopedia",
    "product_name":"SARANG RUMAH MAINAN HAMSTER BATOK KELAPA COCONUT NATURAL HIDING CAVE SARANG RUMAH MAINAN HAMSTER SUGAR GLIDER GECKO SARANG BURUNG LOVEBIRD PARKIT GLHM",
    "price_raw":"Rp135.000",
    "price_clean":135000.0,
    "shop_name":"susanti kemeja8796",
    "location":"Lokasi tidak tersedia",
    "sold_count_raw":"1 terjual",
    "sold_count_clean":1.0,
    "product_url":"https:\/\/www.tokopedia.com\/susantikemeja8\/sarang-rumah-mainan-hamster-batok-kelapa-coconut-natural-hiding-cave-sarang-rumah-mainan-hamster-sugar-glider-gecko-sarang-burung-lovebird-parkit-glhm-1731512796618131018?extParam=ivf%3Dfalse%26keyword%3Dcoconut+sugar%26src%3Dsearch",
    "search_query":"coconut sugar",
    "weight_kg":null,
    "price_per_kg":null,
    "0":"cair",
    "1":"umum"
  },
  {
    "_id":{
      "$oid":"684908867013c07662ad8c9c"
    },
    "timestamp_scrape":"2025-06-11T11:22:47.579139",
    "ecommerce":"Tokopedia",
    "product_name":"Tani Organic Coconut Sugar 500 gram- Gula Kelapa Organik Tani Organic 500gr",
    "price_raw":"Rp32.500",
    "price_clean":32500.0,
    "shop_name":"Alora Essential",
    "location":"Lokasi tidak tersedia",
    "sold_count_raw":"1 terjual",
    "sold_count_clean":1.0,
    "product_url":"https:\/\/www.tokopedia.com\/aloraessential\/tani-organic-coconut-sugar-500-gram-gula-kelapa-organik-tani-organic-500gr-1729800812684740413?extParam=ivf%3Dfalse%26keyword%3Dcoconut+sugar%26src%3Dsearch",
    "search_query":"coconut sugar",
    "weight_kg":0.5,
    "price_per_kg":65000.0,
    "0":"cair",
    "1":"umum"
  },
  {
    "_id":{
      "$oid":"684908867013c07662ad8c9d"
    },
    "timestamp_scrape":"2025-06-11T11:22:48.172485",
    "ecommerce":"Tokopedia",
    "product_name":"Organic Coconut Sugar | Gula Kelapa Organik Brown Sugar Cocomint 300gr",
    "price_raw":"Rp25.000",
    "price_clean":25000.0,
    "shop_name":"Cocomint Indonesia",
    "location":"Lokasi tidak tersedia",
    "sold_count_raw":"250+ terjual",
    "sold_count_clean":250.0,
    "product_url":"https:\/\/www.tokopedia.com\/cocomintid\/organic-coconut-sugar-gula-kelapa-organik-brown-sugar-cocomint-300gr?extParam=ivf%3Dfalse%26keyword%3Dcoconut+sugar%26src%3Dsearch",
    "search_query":"coconut sugar",
    "weight_kg":0.3,
    "price_per_kg":83333.3333333333,
    "0":"lain",
    "1":"organik"
  },
  {
    "_id":{
      "$oid":"684908867013c07662ad8c9e"
    },
    "timestamp_scrape":"2025-06-11T11:22:49.496011",
    "ecommerce":"Tokopedia",
    "product_name":"Bird Coconut House Coconut Bird Hide Nest Hanging Birdhouse Birdcages Habitats Decor For Bird Parrot Hamster Sugar Glider",
    "price_raw":"Rp306.000",
    "price_clean":306000.0,
    "shop_name":"PT ANDAYANI ANUGERAHHHH",
    "location":"Lokasi tidak tersedia",
    "sold_count_raw":"0 terjual",
    "sold_count_clean":0.0,
    "product_url":"https:\/\/www.tokopedia.com\/ptandayani\/bird-coconut-house-coconut-bird-hide-nest-hanging-birdhouse-birdcages-habitats-decor-for-bird-parrot-hamster-sugar-glider?extParam=ivf%3Dfalse%26keyword%3Dcoconut+sugar%26src%3Dsearch",
    "search_query":"coconut sugar",
    "weight_kg":null,
    "price_per_kg":null,
    "0":"lain",
    "1":"organik"
  },
  {
    "_id":{
      "$oid":"684908867013c07662ad8c9f"
    },
    "timestamp_scrape":"2025-06-11T11:22:50.092605",
    "ecommerce":"Tokopedia",
    "product_name":"WORMTAIL Snack Hamster Sugar Rabbit Coconut Flakes 50gr By Pets Universe",
    "price_raw":"Rp18.900",
    "price_clean":18900.0,
    "shop_name":"PT Semesta Hewan Indonesia",
    "location":"Lokasi tidak tersedia",
    "sold_count_raw":"50+ terjual",
    "sold_count_clean":50.0,
    "product_url":"https:\/\/www.tokopedia.com\/pt-semesta-hewan-indonesia\/wormtail-snack-hamster-sugar-rabbit-coconut-flakes-50gr-by-pets-universe-1730809363440895349?extParam=ivf%3Dfalse%26keyword%3Dcoconut+sugar%26src%3Dsearch",
    "search_query":"coconut sugar",
    "weight_kg":0.05,
    "price_per_kg":378000.0,
    "0":"bubuk",
    "1":"organik"
  },
  {
    "_id":{
      "$oid":"684908867013c07662ad8ca0"
    },
    "timestamp_scrape":"2025-06-11T11:22:50.681681",
    "ecommerce":"Tokopedia",
    "product_name":"Gula Kelapa Cetak Kubus Hasea 300 Gram - Cubes Coconut Sugar Hasea 300 Gram",
    "price_raw":"Rp19.500",
    "price_clean":19500.0,
    "shop_name":"Hasea Hatovlin Organic",
    "location":"Lokasi tidak tersedia",
    "sold_count_raw":"1 terjual",
    "sold_count_clean":1.0,
    "product_url":"https:\/\/www.tokopedia.com\/haseahatovlinorganic\/gula-kelapa-cetak-kubus-hasea-300-gram-cubes-coconut-sugar-hasea-300-gram-1730801957826430230?extParam=ivf%3Dfalse%26keyword%3Dcoconut+sugar%26src%3Dsearch",
    "search_query":"coconut sugar",
    "weight_kg":0.3,
    "price_per_kg":65000.0,
    "0":"lain",
    "1":"umum"
  },
  {
    "_id":{
      "$oid":"684908867013c07662ad8ca3"
    },
    "timestamp_scrape":"2025-06-11T11:23:24.015850",
    "ecommerce":"Tokopedia",
    "product_name":"Organic Coconut Sugar 500Gr \/ Gula Kelapa Organik",
    "price_raw":"Rp28.500",
    "price_clean":28500.0,
    "shop_name":"NATURAL-FOODS",
    "location":"Lokasi tidak tersedia",
    "sold_count_raw":"60+ terjual",
    "sold_count_clean":60.0,
    "product_url":"https:\/\/www.tokopedia.com\/natural-foods\/organic-coconut-sugar-500gr-gula-kelapa-organik?extParam=ivf%3Dfalse%26keyword%3Dcoconut+sugar%26src%3Dsearch",
    "search_query":"coconut sugar",
    "weight_kg":0.5,
    "price_per_kg":57000.0,
    "0":"lain",
    "1":"umum"
  },
  {
    "_id":{
      "$oid":"684908867013c07662ad8ca4"
    },
    "timestamp_scrape":"2025-06-11T11:23:24.608225",
    "ecommerce":"Tokopedia",
    "product_name":"Wooden Bowl Japanese Style Soup Salad Rice Sugar Natural Coconut grinding Tableware Food Utensil Kitchen Ramen Noodles Dinner",
    "price_raw":"Rp364.000",
    "price_clean":364000.0,
    "shop_name":"AKSESORIS LAMPU TERRBARRRU",
    "location":"Lokasi tidak tersedia",
    "sold_count_raw":"1 terjual",
    "sold_count_clean":1.0,
    "product_url":"https:\/\/www.tokopedia.com\/alampu-2\/wooden-bowl-japanese-style-soup-salad-rice-sugar-natural-coconut-grinding-tableware-food-utensil-kitchen-ramen-noodles-dinner-1730859204770235727?extParam=ivf%3Dfalse%26keyword%3Dcoconut+sugar%26src%3Dsearch",
    "search_query":"coconut sugar",
    "weight_kg":null,
    "price_per_kg":null,
    "0":"lain",
    "1":"umum"
  },
  {
    "_id":{
      "$oid":"684908867013c07662ad8ca5"
    },
    "timestamp_scrape":"2025-06-11T11:23:25.197796",
    "ecommerce":"Tokopedia",
    "product_name":"Javara - Gula Coconut Sugar Original - 300 gr pouch",
    "price_raw":"Rp66.500",
    "price_clean":66500.0,
    "shop_name":"TOKO MAKANAN ORGANIK_NEW",
    "location":"Lokasi tidak tersedia",
    "sold_count_raw":"11 terjual",
    "sold_count_clean":11.0,
    "product_url":"https:\/\/www.tokopedia.com\/organikshopjak\/javara-gula-coconut-sugar-original-300-gr-pouch-1729599983458813563?extParam=ivf%3Dfalse%26keyword%3Dcoconut+sugar%26src%3Dsearch",
    "search_query":"coconut sugar",
    "weight_kg":0.3,
    "price_per_kg":221666.6666666667,
    "0":"bubuk",
    "1":"organik"
  },
  {
    "_id":{
      "$oid":"684908867013c07662ad8ca6"
    },
    "timestamp_scrape":"2025-06-11T11:23:25.791163",
    "ecommerce":"Tokopedia",
    "product_name":"TERLARIS SEMPATI GROSIR VCO Oil Minyak Kelapa Murni Isi 12 Pcs Obat Cacing Kutu Scabies Kucing Pure Virgin Coconut Oil 100% Natural Obat Jamur Alami Vitamin Bulu Kucing Musang Kelinci Sugar Glider",
    "price_raw":"Rp96.000",
    "price_clean":96000.0,
    "shop_name":"PEDRO ZOO",
    "location":"Lokasi tidak tersedia",
    "sold_count_raw":"1 terjual",
    "sold_count_clean":1.0,
    "product_url":"https:\/\/www.tokopedia.com\/pedro-zoo\/terlaris-sempati-grosir-vco-oil-minyak-kelapa-murni-isi-12-pcs-obat-cacing-kutu-scabies-kucing-pure-virgin-coconut-oil-100-natural-obat-jamur-alami-vitamin-bulu-kucing-musang-kelinci-sugar-glider-1731020967074957078?extParam=ivf%3Dfalse%26keyword%3Dcoconut+sugar%26src%3Dsearch",
    "search_query":"coconut sugar",
    "weight_kg":null,
    "price_per_kg":null,
    "0":"bubuk",
    "1":"umum"
  },
  {
    "_id":{
      "$oid":"684908867013c07662ad8ca7"
    },
    "timestamp_scrape":"2025-06-11T11:23:26.384549",
    "ecommerce":"Tokopedia",
    "product_name":"Nucifera, Organic White Coconut Sugar 1Kg Terlaris",
    "price_raw":"Rp112.000",
    "price_clean":112000.0,
    "shop_name":"Eleony",
    "location":"Lokasi tidak tersedia",
    "sold_count_raw":"14 terjual",
    "sold_count_clean":14.0,
    "product_url":"https:\/\/www.tokopedia.com\/eleony\/nucifera-organic-white-coconut-sugar-1kg-terlaris-1730832314966377764?extParam=ivf%3Dfalse%26keyword%3Dcoconut+sugar%26src%3Dsearch",
    "search_query":"coconut sugar",
    "weight_kg":1.0,
    "price_per_kg":112000.0,
    "0":"lain",
    "1":"umum"
  },
  {
    "_id":{
      "$oid":"684908867013c07662ad8ca8"
    },
    "timestamp_scrape":"2025-06-11T11:23:26.992499",
    "ecommerce":"Tokopedia",
    "product_name":"ALL-CO COCONUT SUGAR\/ GULA KELAPA 10Kg",
    "price_raw":"Rp450.000",
    "price_clean":450000.0,
    "shop_name":"all-co official",
    "location":"Lokasi tidak tersedia",
    "sold_count_raw":"2 terjual",
    "sold_count_clean":2.0,
    "product_url":"https:\/\/www.tokopedia.com\/allco-official\/all-co-coconut-sugar-gula-kelapa-10kg?extParam=ivf%3Dfalse%26keyword%3Dcoconut+sugar%26src%3Dsearch",
    "search_query":"coconut sugar",
    "weight_kg":10.0,
    "price_per_kg":45000.0,
    "0":"bubuk",
    "1":"organik"
  },
  {
    "_id":{
      "$oid":"684908867013c07662ad8ca9"
    },
    "timestamp_scrape":"2025-06-11T11:23:27.600765",
    "ecommerce":"Tokopedia",
    "product_name":"BOGUTTI FREE NO ADDED SUGAR COOKIES WITH COCONUT - TERLARIS",
    "price_raw":"Rp54.900",
    "price_clean":54900.0,
    "shop_name":"Ckmrshop",
    "location":"Lokasi tidak tersedia",
    "sold_count_raw":"100+ terjual",
    "sold_count_clean":100.0,
    "product_url":"https:\/\/www.tokopedia.com\/ckmrshop\/bogutti-free-no-added-sugar-cookies-with-coconut-terlaris-1731204669706372990?extParam=ivf%3Dfalse%26keyword%3Dcoconut+sugar%26src%3Dsearch",
    "search_query":"coconut sugar",
    "weight_kg":null,
    "price_per_kg":null,
    "0":"lain",
    "1":"umum"
  },
  {
    "_id":{
      "$oid":"684908867013c07662ad8caa"
    },
    "timestamp_scrape":"2025-06-11T11:23:28.204512",
    "ecommerce":"Tokopedia",
    "product_name":"Ubud Raw Chocolate Coconut Sugar 500gr",
    "price_raw":"Rp98.000",
    "price_clean":98000.0,
    "shop_name":"Ubud Raw Chocolate & Cacao",
    "location":"Lokasi tidak tersedia",
    "sold_count_raw":"20 terjual",
    "sold_count_clean":20.0,
    "product_url":"https:\/\/www.tokopedia.com\/ubudraw\/ubud-raw-chocolate-coconut-sugar-500gr?extParam=ivf%3Dfalse%26keyword%3Dcoconut+sugar%26src%3Dsearch",
    "search_query":"coconut sugar",
    "weight_kg":0.5,
    "price_per_kg":196000.0,
    "0":"lain",
    "1":"umum"
  },
  {
    "_id":{
      "$oid":"684908867013c07662ad8cab"
    },
    "timestamp_scrape":"2025-06-11T11:23:28.797208",
    "ecommerce":"Tokopedia",
    "product_name":"Gula Semut \/ Gula Kelapa Organik Coconut Sugar Organic 1 Kg",
    "price_raw":"Rp50.000",
    "price_clean":50000.0,
    "shop_name":"Healthy Paradise",
    "location":"Lokasi tidak tersedia",
    "sold_count_raw":"11 terjual",
    "sold_count_clean":11.0,
    "product_url":"https:\/\/www.tokopedia.com\/paradisemartid\/gula-semut-gula-kelapa-organik-coconut-sugar-organic-1-kg?extParam=ivf%3Dfalse%26keyword%3Dcoconut+sugar%26src%3Dsearch",
    "search_query":"coconut sugar",
    "weight_kg":1.0,
    "price_per_kg":50000.0,
    "0":"bubuk",
    "1":"umum"
  },
  {
    "_id":{
      "$oid":"684908867013c07662ad8cac"
    },
    "timestamp_scrape":"2025-06-11T11:23:29.387279",
    "ecommerce":"Tokopedia",
    "product_name":"organic coconut sugar syrup (haldin)",
    "price_raw":"Rp105.000",
    "price_clean":105000.0,
    "shop_name":"bnlstore",
    "location":"Lokasi tidak tersedia",
    "sold_count_raw":"12 terjual",
    "sold_count_clean":12.0,
    "product_url":"https:\/\/www.tokopedia.com\/bnlstore0\/organic-coconut-sugar-syrup-haldin?extParam=ivf%3Dfalse%26keyword%3Dcoconut+sugar%26src%3Dsearch",
    "search_query":"coconut sugar",
    "weight_kg":null,
    "price_per_kg":null,
    "0":"lain",
    "1":"umum"
  },
  {
    "_id":{
      "$oid":"684908867013c07662ad8cad"
    },
    "timestamp_scrape":"2025-06-11T11:23:29.976295",
    "ecommerce":"Tokopedia",
    "product_name":"Livewell Organic Coconut Sugar \/ Gula Kelapa Organik 250 gram",
    "price_raw":"Rp30.000",
    "price_clean":30000.0,
    "shop_name":"Livewell Coconut Indonesia",
    "location":"Lokasi tidak tersedia",
    "sold_count_raw":"22 terjual",
    "sold_count_clean":22.0,
    "product_url":"https:\/\/www.tokopedia.com\/livewellcoconutindonesia\/livewell-organic-coconut-sugar-gula-kelapa-organik-250-gram?extParam=ivf%3Dfalse%26keyword%3Dcoconut+sugar%26src%3Dsearch",
    "search_query":"coconut sugar",
    "weight_kg":0.25,
    "price_per_kg":120000.0,
    "0":"lain",
    "1":"umum"
  },
  {
    "_id":{
      "$oid":"684908867013c07662ad8cb0"
    },
    "timestamp_scrape":"2025-06-11T11:23:59.950872",
    "ecommerce":"Tokopedia",
    "product_name":"Nucifera, Organic White Coconut Sugar 1kg",
    "price_raw":"Rp73.500",
    "price_clean":73500.0,
    "shop_name":"Nourish Indonesia BSD Tangerang Selatan",
    "location":"Lokasi tidak tersedia",
    "sold_count_raw":"30+ terjual",
    "sold_count_clean":30.0,
    "product_url":"https:\/\/www.tokopedia.com\/nourishindonesiabsd\/nucifera-organic-white-coconut-sugar-1kg?extParam=ivf%3Dfalse%26keyword%3Dcoconut+sugar%26src%3Dsearch",
    "search_query":"coconut sugar",
    "weight_kg":1.0,
    "price_per_kg":73500.0,
    "0":"lain",
    "1":"organik"
  },
  {
    "_id":{
      "$oid":"684908867013c07662ad8cb1"
    },
    "timestamp_scrape":"2025-06-11T11:24:00.551909",
    "ecommerce":"Tokopedia",
    "product_name":"Organic White Coconut Sugar 250gr \/ Gula Kelapa Organik 250gram ( White )",
    "price_raw":"Rp18.300",
    "price_clean":18300.0,
    "shop_name":"Mentari Healthy Corner",
    "location":"Lokasi tidak tersedia",
    "sold_count_raw":"2 terjual",
    "sold_count_clean":2.0,
    "product_url":"https:\/\/www.tokopedia.com\/mentari911\/organic-white-coconut-sugar-250gr-gula-kelapa-organik-250gram-white?extParam=ivf%3Dfalse%26keyword%3Dcoconut+sugar%26src%3Dsearch",
    "search_query":"coconut sugar",
    "weight_kg":0.25,
    "price_per_kg":73200.0,
    "0":"bubuk",
    "1":"umum"
  },
  {
    "_id":{
      "$oid":"684908867013c07662ad8cb3"
    },
    "timestamp_scrape":"2025-06-11T11:24:01.746111",
    "ecommerce":"Tokopedia",
    "product_name":"Wayang Coconut Sugar 500gr | Gula Jawa | Gula Merah",
    "price_raw":"Rp39.900",
    "price_clean":39900.0,
    "shop_name":"Kebhott Shop",
    "location":"Lokasi tidak tersedia",
    "sold_count_raw":"28 terjual",
    "sold_count_clean":28.0,
    "product_url":"https:\/\/www.tokopedia.com\/zarkasyi\/wayang-coconut-sugar-500gr-gula-jawa-gula-merah?extParam=ivf%3Dfalse%26keyword%3Dcoconut+sugar%26src%3Dsearch",
    "search_query":"coconut sugar",
    "weight_kg":0.5,
    "price_per_kg":79800.0,
    "0":"lain",
    "1":"umum"
  },
  {
    "_id":{
      "$oid":"684908867013c07662ad8cb4"
    },
    "timestamp_scrape":"2025-06-11T11:24:02.336590",
    "ecommerce":"Tokopedia",
    "product_name":"1000gr Gula Kelapa Organik - Organic Coconut Sugar – Low GI",
    "price_raw":"Rp51.397",
    "price_clean":51397.0,
    "shop_name":"Kesehatan Vegan Kuartet Nabati",
    "location":"Lokasi tidak tersedia",
    "sold_count_raw":"11 terjual",
    "sold_count_clean":11.0,
    "product_url":"https:\/\/www.tokopedia.com\/minimarketvegan\/1000gr-gula-kelapa-organik-organic-coconut-sugar-low-gi?extParam=ivf%3Dfalse%26keyword%3Dcoconut+sugar%26src%3Dsearch",
    "search_query":"coconut sugar",
    "weight_kg":1.0,
    "price_per_kg":51397.0,
    "0":"lain",
    "1":"organik"
  },
  {
    "_id":{
      "$oid":"684908867013c07662ad8cb6"
    },
    "timestamp_scrape":"2025-06-11T11:24:03.524899",
    "ecommerce":"Tokopedia",
    "product_name":"Pureeland - Organic Coconut Cream & Sugar - Gula Kelapa Organik - 25gr",
    "price_raw":"Rp9.500",
    "price_clean":9500.0,
    "shop_name":"Allofsnackid",
    "location":"Lokasi tidak tersedia",
    "sold_count_raw":"22 terjual",
    "sold_count_clean":22.0,
    "product_url":"https:\/\/www.tokopedia.com\/allofsnackid\/pureeland-organic-coconut-cream-sugar-gula-kelapa-organik-25gr-pl-coconutcream-db0ea?extParam=ivf%3Dfalse%26keyword%3Dcoconut+sugar%26src%3Dsearch",
    "search_query":"coconut sugar",
    "weight_kg":0.025,
    "price_per_kg":380000.0,
    "0":"lain",
    "1":"organik"
  },
  {
    "_id":{
      "$oid":"684908867013c07662ad8cb7"
    },
    "timestamp_scrape":"2025-06-11T11:24:04.118385",
    "ecommerce":"Tokopedia",
    "product_name":"Organic Liquid COCONUT Sugar Syrup Gula Kelapa Cair Organik Sehat 250g",
    "price_raw":"Rp14.000",
    "price_clean":14000.0,
    "shop_name":"MAMA BAKING SUPPLY STORE",
    "location":"Lokasi tidak tersedia",
    "sold_count_raw":"17 terjual",
    "sold_count_clean":17.0,
    "product_url":"https:\/\/www.tokopedia.com\/vonmei\/organic-liquid-coconut-sugar-syrup-gula-kelapa-cair-organik-sehat-250g?extParam=ivf%3Dfalse%26keyword%3Dcoconut+sugar%26src%3Dsearch",
    "search_query":"coconut sugar",
    "weight_kg":0.25,
    "price_per_kg":56000.0,
    "0":"lain",
    "1":"organik"
  },
  {
    "_id":{
      "$oid":"684908867013c07662ad8cb8"
    },
    "timestamp_scrape":"2025-06-11T11:24:04.708026",
    "ecommerce":"Tokopedia",
    "product_name":"100gr Gula Kelapa Organik - Organic Coconut Sugar – Low GI",
    "price_raw":"Rp10.300",
    "price_clean":10300.0,
    "shop_name":"Kesehatan Vegan Kuartet Nabati",
    "location":"Lokasi tidak tersedia",
    "sold_count_raw":"1 terjual",
    "sold_count_clean":1.0,
    "product_url":"https:\/\/www.tokopedia.com\/minimarketvegan\/100gr-gula-kelapa-organik-organic-coconut-sugar-low-gi?extParam=ivf%3Dfalse%26keyword%3Dcoconut+sugar%26src%3Dsearch",
    "search_query":"coconut sugar",
    "weight_kg":0.1,
    "price_per_kg":103000.0,
    "0":"lain",
    "1":"umum"
  },
  {
    "_id":{
      "$oid":"684908867013c07662ad8cb9"
    },
    "timestamp_scrape":"2025-06-11T11:24:05.296198",
    "ecommerce":"Tokopedia",
    "product_name":"Coconut Brown Sugar 1 KG \/ Gula Kelapa Bubuk \/ Palm Sugar 1 KG",
    "price_raw":"Rp84.500",
    "price_clean":84500.0,
    "shop_name":"Atoz Ingredients",
    "location":"Lokasi tidak tersedia",
    "sold_count_raw":"2 terjual",
    "sold_count_clean":2.0,
    "product_url":"https:\/\/www.tokopedia.com\/gourmetfood\/coconut-brown-sugar-1-kg-gula-kelapa-bubuk-palm-sugar-1-kg?extParam=ivf%3Dfalse%26keyword%3Dcoconut+sugar%26src%3Dsearch",
    "search_query":"coconut sugar",
    "weight_kg":1.0,
    "price_per_kg":84500.0,
    "0":"lain",
    "1":"murni"
  },
  {
    "_id":{
      "$oid":"684908867013c07662ad8cba"
    },
    "timestamp_scrape":"2025-06-11T11:24:05.890950",
    "ecommerce":"Tokopedia",
    "product_name":"MD Gula Kelapa Jahe \/MD Natural Ginger Coconut Sugar 300 Gram",
    "price_raw":"Rp39.000",
    "price_clean":39000.0,
    "shop_name":"ARAHMAnaSHOP Healthy Care",
    "location":"Lokasi tidak tersedia",
    "sold_count_raw":"3 terjual",
    "sold_count_clean":3.0,
    "product_url":"https:\/\/www.tokopedia.com\/arahmanashop\/md-gula-kelapa-jahe-md-natural-ginger-coconut-sugar-300-gram?extParam=ivf%3Dfalse%26keyword%3Dcoconut+sugar%26src%3Dsearch",
    "search_query":"coconut sugar",
    "weight_kg":0.3,
    "price_per_kg":130000.0,
    "0":"lain",
    "1":"umum"
  },
  {
    "_id":{
      "$oid":"684908867013c07662ad8cbb"
    },
    "timestamp_scrape":"2025-06-11T11:24:06.484078",
    "ecommerce":"Tokopedia",
    "product_name":"ALL-CO COCONUT SUGAR 250g",
    "price_raw":"Rp19.000",
    "price_clean":19000.0,
    "shop_name":"all-co official",
    "location":"Lokasi tidak tersedia",
    "sold_count_raw":"1 terjual",
    "sold_count_clean":1.0,
    "product_url":"https:\/\/www.tokopedia.com\/allco-official\/all-co-coconut-sugar-250g?extParam=ivf%3Dfalse%26keyword%3Dcoconut+sugar%26src%3Dsearch",
    "search_query":"coconut sugar",
    "weight_kg":0.25,
    "price_per_kg":76000.0,
    "0":"lain",
    "1":"umum"
  },
  {
    "_id":{
      "$oid":"684908867013c07662ad8cbc"
    },
    "timestamp_scrape":"2025-06-11T11:24:07.073116",
    "ecommerce":"Tokopedia",
    "product_name":"Organic Coconut Sugar 500Gr \/Gula Kelapa Organik",
    "price_raw":"Rp34.900",
    "price_clean":34900.0,
    "shop_name":"bragg store",
    "location":"Lokasi tidak tersedia",
    "sold_count_raw":"2 terjual",
    "sold_count_clean":2.0,
    "product_url":"https:\/\/www.tokopedia.com\/braggstore\/organic-coconut-sugar-500gr-gula-kelapa-organik?extParam=ivf%3Dfalse%26keyword%3Dcoconut+sugar%26src%3Dsearch",
    "search_query":"coconut sugar",
    "weight_kg":0.5,
    "price_per_kg":69800.0,
    "0":"lain",
    "1":"umum"
  },
  {
    "_id":{
      "$oid":"684908867013c07662ad8cc0"
    },
    "timestamp_scrape":"2025-06-11T11:24:32.370274",
    "ecommerce":"Tokopedia",
    "product_name":"Gula semut organik coconut Sugar 500gr",
    "price_raw":"Rp48.300",
    "price_clean":48300.0,
    "shop_name":"rajayashopsby",
    "location":"Lokasi tidak tersedia",
    "sold_count_raw":"3 terjual",
    "sold_count_clean":3.0,
    "product_url":"https:\/\/www.tokopedia.com\/nura-mart\/gula-semut-organik-coconut-sugar-500gr-1730786920220689660?extParam=ivf%3Dfalse%26keyword%3Dcoconut+sugar%26src%3Dsearch",
    "search_query":"coconut sugar",
    "weight_kg":0.5,
    "price_per_kg":96600.0,
    "0":"bubuk",
    "1":"umum"
  },
  {
    "_id":{
      "$oid":"684908867013c07662ad8cc1"
    },
    "timestamp_scrape":"2025-06-11T11:24:32.965868",
    "ecommerce":"Tokopedia",
    "product_name":"Organic Coconut Sugar 300gram - Gula Kelapa Organik",
    "price_raw":"Rp35.000",
    "price_clean":35000.0,
    "shop_name":"JAVA DAMPIT OFFICIAL",
    "location":"Lokasi tidak tersedia",
    "sold_count_raw":"2 terjual",
    "sold_count_clean":2.0,
    "product_url":"https:\/\/www.tokopedia.com\/javadampit\/organic-coconut-sugar-300gram-gula-kelapa-organik?extParam=ivf%3Dfalse%26keyword%3Dcoconut+sugar%26src%3Dsearch",
    "search_query":"coconut sugar",
    "weight_kg":0.3,
    "price_per_kg":116666.6666666667,
    "0":"lain",
    "1":"umum"
  },
  {
    "_id":{
      "$oid":"684908867013c07662ad8cc2"
    },
    "timestamp_scrape":"2025-06-11T11:24:33.555213",
    "ecommerce":"Tokopedia",
    "product_name":"DRiPP - Syrup Coconut Sugar 760ml - Minuman Sirup",
    "price_raw":"Rp111.000",
    "price_clean":111000.0,
    "shop_name":"Otten Coffee Medan",
    "location":"Lokasi tidak tersedia",
    "sold_count_raw":"80+ terjual",
    "sold_count_clean":80.0,
    "product_url":"https:\/\/www.tokopedia.com\/ottencoffee\/dripp-syrup-coconut-sugar-760ml-minuman-sirup?extParam=ivf%3Dfalse%26keyword%3Dcoconut+sugar%26src%3Dsearch",
    "search_query":"coconut sugar",
    "weight_kg":0.76,
    "price_per_kg":146052.6315789474,
    "0":"lain",
    "1":"umum"
  },
  {
    "_id":{
      "$oid":"684908867013c07662ad8cc3"
    },
    "timestamp_scrape":"2025-06-11T11:24:34.148017",
    "ecommerce":"Tokopedia",
    "product_name":"Gulare Gula Kelapa Cair \/ Coconut Sugar Syrup 1,3 kg",
    "price_raw":"Rp72.000",
    "price_clean":72000.0,
    "shop_name":"Healthy Paradise",
    "location":"Lokasi tidak tersedia",
    "sold_count_raw":"17 terjual",
    "sold_count_clean":17.0,
    "product_url":"https:\/\/www.tokopedia.com\/paradisemartid\/gulare-gula-kelapa-cair-coconut-sugar-syrup-1-3-kg?extParam=ivf%3Dfalse%26keyword%3Dcoconut+sugar%26src%3Dsearch",
    "search_query":"coconut sugar",
    "weight_kg":1.3,
    "price_per_kg":55384.6153846154,
    "0":"lain",
    "1":"organik"
  },
  {
    "_id":{
      "$oid":"684908867013c07662ad8cc4"
    },
    "timestamp_scrape":"2025-06-11T11:24:34.741666",
    "ecommerce":"Tokopedia",
    "product_name":"Singabera Gula Kelapa Organik \/ Organic Coconut Sugar (40 Sticks)",
    "price_raw":"Rp26.000",
    "price_clean":26000.0,
    "shop_name":"pipilaka_NEW",
    "location":"Lokasi tidak tersedia",
    "sold_count_raw":"40+ terjual",
    "sold_count_clean":40.0,
    "product_url":"https:\/\/www.tokopedia.com\/pipilaka-1\/singabera-gula-kelapa-organik-organic-coconut-sugar-40-sticks?extParam=ivf%3Dfalse%26keyword%3Dcoconut+sugar%26src%3Dsearch",
    "search_query":"coconut sugar",
    "weight_kg":null,
    "price_per_kg":null,
    "0":"bubuk",
    "1":"organik"
  },
  {
    "_id":{
      "$oid":"684908867013c07662ad8cc5"
    },
    "timestamp_scrape":"2025-06-11T11:24:35.332367",
    "ecommerce":"Tokopedia",
    "product_name":"Greenara Organik Coconut sugar 1kg Gula kelapa",
    "price_raw":"Rp35.000",
    "price_clean":35000.0,
    "shop_name":"RF frozen.food",
    "location":"Lokasi tidak tersedia",
    "sold_count_raw":"2 terjual",
    "sold_count_clean":2.0,
    "product_url":"https:\/\/www.tokopedia.com\/rf-frozenfood\/greenara-organik-coconut-sugar-1kg-gula-kelapa?extParam=ivf%3Dfalse%26keyword%3Dcoconut+sugar%26src%3Dsearch",
    "search_query":"coconut sugar",
    "weight_kg":1.0,
    "price_per_kg":35000.0,
    "0":"lain",
    "1":"umum"
  },
  {
    "_id":{
      "$oid":"684908867013c07662ad8cc6"
    },
    "timestamp_scrape":"2025-06-11T11:24:35.926332",
    "ecommerce":"Tokopedia",
    "product_name":"Gula Kelapa Coconut Sugar 500gr Premium Organik Asli Bubuk Powder Natural Pure Organic",
    "price_raw":"Rp38.000",
    "price_clean":38000.0,
    "shop_name":"Alamee Indonesia",
    "location":"Lokasi tidak tersedia",
    "sold_count_raw":"1 terjual",
    "sold_count_clean":1.0,
    "product_url":"https:\/\/www.tokopedia.com\/alameeindonesia\/gula-kelapa-coconut-sugar-500gr-premium-organik-asli-bubuk-powder-natural-pure-organic?extParam=ivf%3Dfalse%26keyword%3Dcoconut+sugar%26src%3Dsearch",
    "search_query":"coconut sugar",
    "weight_kg":0.5,
    "price_per_kg":76000.0,
    "0":"cair",
    "1":"murni"
  },
  {
    "_id":{
      "$oid":"684908867013c07662ad8cc7"
    },
    "timestamp_scrape":"2025-06-11T11:24:36.548398",
    "ecommerce":"Tokopedia",
    "product_name":"UM(1) coconut yoghurt 350gr,no sugar\/vegan\/no dairy\/no preservatives.",
    "price_raw":"Rp99.000",
    "price_clean":99000.0,
    "shop_name":"bundaerni",
    "location":"Lokasi tidak tersedia",
    "sold_count_raw":"2 terjual",
    "sold_count_clean":2.0,
    "product_url":"https:\/\/www.tokopedia.com\/bundaerni\/um-1-coconut-yoghurt-350gr-no-sugar-vegan-no-dairy-no-preservatives-1731006162965989124?extParam=ivf%3Dfalse%26keyword%3Dcoconut+sugar%26src%3Dsearch",
    "search_query":"coconut sugar",
    "weight_kg":0.35,
    "price_per_kg":282857.1428571429,
    "0":"lain",
    "1":"organik"
  },
  {
    "_id":{
      "$oid":"684908867013c07662ad8cc8"
    },
    "timestamp_scrape":"2025-06-11T11:24:37.142590",
    "ecommerce":"Tokopedia",
    "product_name":"Pureeland Coconut Sugar Organic \/ Gula Kelapa Organik \/ Bumbu Masak MPASI Bayi \/",
    "price_raw":"Rp9.978",
    "price_clean":9978.0,
    "shop_name":"Baby Carnival",
    "location":"Lokasi tidak tersedia",
    "sold_count_raw":"9 terjual",
    "sold_count_clean":9.0,
    "product_url":"https:\/\/www.tokopedia.com\/baby-carnival\/pureeland-coconut-sugar-organic-gula-kelapa-organik-bumbu-masak-mpasi-bayi-1730414114544977836?extParam=ivf%3Dfalse%26keyword%3Dcoconut+sugar%26src%3Dsearch",
    "search_query":"coconut sugar",
    "weight_kg":null,
    "price_per_kg":null,
    "0":"bubuk",
    "1":"umum"
  },
  {
    "_id":{
      "$oid":"684908867013c07662ad8cc9"
    },
    "timestamp_scrape":"2025-06-11T11:24:37.733607",
    "ecommerce":"Tokopedia",
    "product_name":"coconut coffee\/hazelnut coffee\/cappuccino no sugar\/diet gula",
    "price_raw":"Rp80.000",
    "price_clean":80000.0,
    "shop_name":"fontaine collection",
    "location":"Lokasi tidak tersedia",
    "sold_count_raw":"1 terjual",
    "sold_count_clean":1.0,
    "product_url":"https:\/\/www.tokopedia.com\/fcrowin\/coconut-coffee-hazelnut-coffee-cappuccino-no-sugar-diet-gula-capuccin-no-sug?extParam=ivf%3Dfalse%26keyword%3Dcoconut+sugar%26src%3Dsearch",
    "search_query":"coconut sugar",
    "weight_kg":null,
    "price_per_kg":null,
    "0":"bubuk",
    "1":"umum"
  },
  {
    "_id":{
      "$oid":"684908867013c07662ad8cca"
    },
    "timestamp_scrape":"2025-06-11T11:24:38.322803",
    "ecommerce":"Tokopedia",
    "product_name":"Singabera Organic Coconut Sugar 160GR - 40 Sticks",
    "price_raw":"Rp76.000",
    "price_clean":76000.0,
    "shop_name":"stevania_online",
    "location":"Lokasi tidak tersedia",
    "sold_count_raw":"12 terjual",
    "sold_count_clean":12.0,
    "product_url":"https:\/\/www.tokopedia.com\/stevaniaonline\/singabera-organic-coconut-sugar-160gr-40-sticks?extParam=ivf%3Dfalse%26keyword%3Dcoconut+sugar%26src%3Dsearch",
    "search_query":"coconut sugar",
    "weight_kg":0.16,
    "price_per_kg":475000.0,
    "0":"lain",
    "1":"umum"
  },
  {
    "_id":{
      "$oid":"684908867013c07662ad8ccd"
    },
    "timestamp_scrape":"2025-06-11T11:25:06.268720",
    "ecommerce":"Tokopedia",
    "product_name":"SARANG HAMSTER BATOK KELAPA COCONUT NATURAL HIDING CAVE SARANG RUMAH MAINAN HAMSTER SUGAR GLIDER GECKO SARANG BURUNG LOVEBIRD PARKIT GLHMS",
    "price_raw":"Rp20.000",
    "price_clean":20000.0,
    "shop_name":"benih shp",
    "location":"Lokasi tidak tersedia",
    "sold_count_raw":"19 terjual",
    "sold_count_clean":19.0,
    "product_url":"https:\/\/www.tokopedia.com\/benihshp\/sarang-hamster-batok-kelapa-coconut-natural-hiding-cave-sarang-rumah-mainan-hamster-sugar-glider-gecko-sarang-burung-lovebird-parkit-glhms?extParam=ivf%3Dfalse%26keyword%3Dcoconut+sugar%26src%3Dsearch",
    "search_query":"coconut sugar",
    "weight_kg":null,
    "price_per_kg":null,
    "0":"lain",
    "1":"umum"
  },
  {
    "_id":{
      "$oid":"684908867013c07662ad8cce"
    },
    "timestamp_scrape":"2025-06-11T11:25:06.868459",
    "ecommerce":"Tokopedia",
    "product_name":"Gula Kelapa Bubuk Organik Hasea 1KG - Organic Coconut Sugar Hasea 1KG",
    "price_raw":"Rp35.000",
    "price_clean":35000.0,
    "shop_name":"Adhuma Organik",
    "location":"Lokasi tidak tersedia",
    "sold_count_raw":"100+ terjual",
    "sold_count_clean":100.0,
    "product_url":"https:\/\/www.tokopedia.com\/adhum\/gula-kelapa-bubuk-organik-hasea-1kg-organic-coconut-sugar-hasea-1kg-1730801896912029491?extParam=ivf%3Dfalse%26keyword%3Dcoconut+sugar%26src%3Dsearch",
    "search_query":"coconut sugar",
    "weight_kg":1.0,
    "price_per_kg":35000.0,
    "0":"cair",
    "1":"umum"
  },
  {
    "_id":{
      "$oid":"684908867013c07662ad8cd0"
    },
    "timestamp_scrape":"2025-06-11T11:25:08.740843",
    "ecommerce":"Tokopedia",
    "product_name":"Gula Kelapa semut, Coconut Palm Sugar",
    "price_raw":"Rp30.000",
    "price_clean":30000.0,
    "shop_name":"Omah Trubus",
    "location":"Lokasi tidak tersedia",
    "sold_count_raw":"0 terjual",
    "sold_count_clean":0.0,
    "product_url":"https:\/\/www.tokopedia.com\/omah-trubus\/gula-kelapa-semut-coconut-palm-sugar-1730245116602976050?extParam=ivf%3Dfalse%26keyword%3Dcoconut+sugar%26src%3Dsearch",
    "search_query":"coconut sugar",
    "weight_kg":null,
    "price_per_kg":null,
    "0":"lain",
    "1":"umum"
  },
  {
    "_id":{
      "$oid":"684908867013c07662ad8cd1"
    },
    "timestamp_scrape":"2025-06-11T11:25:10.015595",
    "ecommerce":"Tokopedia",
    "product_name":"Javara, Organic Crystal Coconut Sugar - Natural (300 gr)",
    "price_raw":"Rp39.000",
    "price_clean":39000.0,
    "shop_name":"GrafikID99",
    "location":"Lokasi tidak tersedia",
    "sold_count_raw":"0 terjual",
    "sold_count_clean":0.0,
    "product_url":"https:\/\/www.tokopedia.com\/grafikid99\/javara-organic-crystal-coconut-sugar-natural-300-gr?extParam=ivf%3Dfalse%26keyword%3Dcoconut+sugar%26src%3Dsearch",
    "search_query":"coconut sugar",
    "weight_kg":0.3,
    "price_per_kg":130000.0,
    "0":"lain",
    "1":"umum"
  },
  {
    "_id":{
      "$oid":"684908867013c07662ad8cd3"
    },
    "timestamp_scrape":"2025-06-11T11:25:11.897224",
    "ecommerce":"Tokopedia",
    "product_name":"ALAMEE 500gr Gula Kelapa Coconut Sugar Organik Asli Bubuk Powder Natural Pure Nusantara Organic",
    "price_raw":"Rp64.500",
    "price_clean":64500.0,
    "shop_name":"Oemah Organik",
    "location":"Lokasi tidak tersedia",
    "sold_count_raw":"0 terjual",
    "sold_count_clean":0.0,
    "product_url":"https:\/\/www.tokopedia.com\/oemah-organik\/alamee-500gr-gula-kelapa-coconut-sugar-organik-asli-bubuk-powder-natural-pure-nusantara-organic-1731399605286504220?extParam=ivf%3Dfalse%26keyword%3Dcoconut+sugar%26src%3Dsearch",
    "search_query":"coconut sugar",
    "weight_kg":0.5,
    "price_per_kg":129000.0,
    "0":"lain",
    "1":"umum"
  },
  {
    "_id":{
      "$oid":"684908867013c07662ad8cd4"
    },
    "timestamp_scrape":"2025-06-11T11:25:13.150013",
    "ecommerce":"Tokopedia",
    "product_name":"Coconut Yogurt No Sugar Pre Order",
    "price_raw":"Rp139.000",
    "price_clean":139000.0,
    "shop_name":"TokoHarassy23",
    "location":"Lokasi tidak tersedia",
    "sold_count_raw":"0 terjual",
    "sold_count_clean":0.0,
    "product_url":"https:\/\/www.tokopedia.com\/tokoharassy\/coconut-yogurt-no-sugar-pre-order-1731422704557918127?extParam=ivf%3Dfalse%26keyword%3Dcoconut+sugar%26src%3Dsearch",
    "search_query":"coconut sugar",
    "weight_kg":null,
    "price_per_kg":null,
    "0":"lain",
    "1":"umum"
  },
  {
    "_id":{
      "$oid":"684908867013c07662ad8cd5"
    },
    "timestamp_scrape":"2025-06-11T11:25:14.445765",
    "ecommerce":"Tokopedia",
    "product_name":"Gula Kelapa 1 Kg \/ Coconut Sugar",
    "price_raw":"Rp51.000",
    "price_clean":51000.0,
    "shop_name":"agestri9841",
    "location":"Lokasi tidak tersedia",
    "sold_count_raw":"0 terjual",
    "sold_count_clean":0.0,
    "product_url":"https:\/\/www.tokopedia.com\/agestri9841\/gula-kelapa-1-kg-coconut-sugar-1731311305297790075?extParam=ivf%3Dfalse%26keyword%3Dcoconut+sugar%26src%3Dsearch",
    "search_query":"coconut sugar",
    "weight_kg":1.0,
    "price_per_kg":51000.0,
    "0":"bubuk",
    "1":"umum"
  },
  {
    "_id":{
      "$oid":"684908867013c07662ad8cd6"
    },
    "timestamp_scrape":"2025-06-11T11:25:15.715934",
    "ecommerce":"Tokopedia",
    "product_name":"Gula Semut Kelapa Coconut Sugar 100% Original 350 gram",
    "price_raw":"Rp65.000",
    "price_clean":65000.0,
    "shop_name":"Griya Tamam Pekayon",
    "location":"Lokasi tidak tersedia",
    "sold_count_raw":"0 terjual",
    "sold_count_clean":0.0,
    "product_url":"https:\/\/www.tokopedia.com\/griya-tamam-pekayon\/gula-semut-kelapa-coconut-sugar-100-original-350-gram-1729693339013646658?extParam=ivf%3Dfalse%26keyword%3Dcoconut+sugar%26src%3Dsearch",
    "search_query":"coconut sugar",
    "weight_kg":0.35,
    "price_per_kg":185714.2857142857,
    "0":"lain",
    "1":"umum"
  },
  {
    "_id":{
      "$oid":"684908867013c07662ad8cd7"
    },
    "timestamp_scrape":"2025-06-11T11:25:16.988013",
    "ecommerce":"Tokopedia",
    "product_name":"LT House Of Organix Organic Coconut Sugar 1 Kg Promo",
    "price_raw":"Rp67.730",
    "price_clean":67730.0,
    "shop_name":"liviantbk",
    "location":"Lokasi tidak tersedia",
    "sold_count_raw":"0 terjual",
    "sold_count_clean":0.0,
    "product_url":"https:\/\/www.tokopedia.com\/liviantbk\/lt-house-of-organix-organic-coconut-sugar-1-kg-promo-1730272091640858275?extParam=ivf%3Dfalse%26keyword%3Dcoconut+sugar%26src%3Dsearch",
    "search_query":"coconut sugar",
    "weight_kg":1.0,
    "price_per_kg":67730.0,
    "0":"lain",
    "1":"umum"
  },
  {
    "_id":{
      "$oid":"684908867013c07662ad8cd8"
    },
    "timestamp_scrape":"2025-06-11T11:25:18.243329",
    "ecommerce":"Tokopedia",
    "product_name":"Nourish Indonesia, Organic Coconut Sugar 500gr",
    "price_raw":"Rp33.000",
    "price_clean":33000.0,
    "shop_name":"Rin Okumura",
    "location":"Lokasi tidak tersedia",
    "sold_count_raw":"0 terjual",
    "sold_count_clean":0.0,
    "product_url":"https:\/\/www.tokopedia.com\/rinokumura\/nourish-indonesia-organic-coconut-sugar-500gr-1731147257642517714?extParam=ivf%3Dfalse%26keyword%3Dcoconut+sugar%26src%3Dsearch",
    "search_query":"coconut sugar",
    "weight_kg":0.5,
    "price_per_kg":66000.0,
    "0":"bubuk",
    "1":"umum"
  },
  {
    "_id":{
      "$oid":"684908867013c07662ad8cd9"
    },
    "timestamp_scrape":"2025-06-11T11:25:19.517135",
    "ecommerce":"Tokopedia",
    "product_name":"LANBENA Lip Mask Lip Balm Lip Scrub Rose \/ Aloe Vera \/ Coconut \/ Sugar - Melembabkan Perawatan Bibir",
    "price_raw":"Rp94.600",
    "price_clean":94600.0,
    "shop_name":"NAFISA DANISH ARA HIDAYAT",
    "location":"Lokasi tidak tersedia",
    "sold_count_raw":"0 terjual",
    "sold_count_clean":0.0,
    "product_url":"https:\/\/www.tokopedia.com\/nafisa-danish-ara-hidayat\/lanbena-lip-mask-lip-balm-lip-scrub-rose-aloe-vera-coconut-sugar-melembabkan-perawatan-bibir-1730994595583788241?extParam=ivf%3Dfalse%26keyword%3Dcoconut+sugar%26src%3Dsearch",
    "search_query":"coconut sugar",
    "weight_kg":null,
    "price_per_kg":null,
    "0":"lain",
    "1":"organik"
  },
  {
    "_id":{
      "$oid":"684908867013c07662ad8cdd"
    },
    "timestamp_scrape":"2025-06-11T11:25:49.235114",
    "ecommerce":"Tokopedia",
    "product_name":"Original Gula Kelapa Organik Coconut Sugar 1000 gram 1 kg",
    "price_raw":"Rp75.000",
    "price_clean":75000.0,
    "shop_name":"Food and Bverage",
    "location":"Lokasi tidak tersedia",
    "sold_count_raw":"0 terjual",
    "sold_count_clean":0.0,
    "product_url":"https:\/\/www.tokopedia.com\/foodbeverage\/original-gula-kelapa-organik-coconut-sugar-1000-gram-1-kg-1731279983777383812?extParam=ivf%3Dfalse%26keyword%3Dcoconut+sugar%26src%3Dsearch",
    "search_query":"coconut sugar",
    "weight_kg":1.0,
    "price_per_kg":75000.0,
    "0":"lain",
    "1":"umum"
  },
  {
    "_id":{
      "$oid":"684908867013c07662ad8cde"
    },
    "timestamp_scrape":"2025-06-11T11:25:50.688697",
    "ecommerce":"Tokopedia",
    "product_name":"￼PLUM & BLUM COCONUT SUGAR ORGANIK | GULA KELAPA ASLI",
    "price_raw":"Rp30.000",
    "price_clean":30000.0,
    "shop_name":"Babyfame_NEW",
    "location":"Lokasi tidak tersedia",
    "sold_count_raw":"0 terjual",
    "sold_count_clean":0.0,
    "product_url":"https:\/\/www.tokopedia.com\/babyfame\/plum-blum-coconut-sugar-organik-gula-kelapa-asli-1731221676615107680?extParam=ivf%3Dfalse%26keyword%3Dcoconut+sugar%26src%3Dsearch",
    "search_query":"coconut sugar",
    "weight_kg":null,
    "price_per_kg":null,
    "0":"bubuk",
    "1":"organik"
  },
  {
    "_id":{
      "$oid":"684908867013c07662ad8ce0"
    },
    "timestamp_scrape":"2025-06-11T11:25:52.691969",
    "ecommerce":"Tokopedia",
    "product_name":"Brown Sugar Bubuk Ansell \/ Gula Merah \/ Coconut Sugar\/Nira Kelapa 1kg",
    "price_raw":"Rp72.000",
    "price_clean":72000.0,
    "shop_name":"Rin Okumura",
    "location":"Lokasi tidak tersedia",
    "sold_count_raw":"0 terjual",
    "sold_count_clean":0.0,
    "product_url":"https:\/\/www.tokopedia.com\/rinokumura\/brown-sugar-bubuk-ansell-gula-merah-coconut-sugar-nira-kelapa-1kg-1731147252955579602?extParam=ivf%3Dfalse%26keyword%3Dcoconut+sugar%26src%3Dsearch",
    "search_query":"coconut sugar",
    "weight_kg":1.0,
    "price_per_kg":72000.0,
    "0":"lain",
    "1":"organik"
  },
  {
    "_id":{
      "$oid":"684908867013c07662ad8ce1"
    },
    "timestamp_scrape":"2025-06-11T11:25:53.292278",
    "ecommerce":"Tokopedia",
    "product_name":"Dripp - Syrup Coconut Sugar 760Ml - Sirup Minuman Rasa Coconut Sugar",
    "price_raw":"Rp169.750",
    "price_clean":169750.0,
    "shop_name":"Darmisn Market",
    "location":"Lokasi tidak tersedia",
    "sold_count_raw":"2 terjual",
    "sold_count_clean":2.0,
    "product_url":"https:\/\/www.tokopedia.com\/darmenist\/dripp-syrup-coconut-sugar-760ml-sirup-minuman-rasa-coconut-sugar-1730796443528103043?extParam=ivf%3Dfalse%26keyword%3Dcoconut+sugar%26src%3Dsearch",
    "search_query":"coconut sugar",
    "weight_kg":0.76,
    "price_per_kg":223355.2631578947,
    "0":"lain",
    "1":"organik"
  },
  {
    "_id":{
      "$oid":"684908867013c07662ad8ce3"
    },
    "timestamp_scrape":"2025-06-11T11:25:55.138269",
    "ecommerce":"Tokopedia",
    "product_name":"A-R) Gula Kelapa I Organic Coconut Sugar 500 gram",
    "price_raw":"Rp27.000",
    "price_clean":27000.0,
    "shop_name":"Ainunshoping234",
    "location":"Lokasi tidak tersedia",
    "sold_count_raw":"0 terjual",
    "sold_count_clean":0.0,
    "product_url":"https:\/\/www.tokopedia.com\/ainunshoping234-1\/a-r-gula-kelapa-i-organic-coconut-sugar-500-gram?extParam=ivf%3Dfalse%26keyword%3Dcoconut+sugar%26src%3Dsearch",
    "search_query":"coconut sugar",
    "weight_kg":0.5,
    "price_per_kg":54000.0,
    "0":"lain",
    "1":"umum"
  },
  {
    "_id":{
      "$oid":"684908867013c07662ad8ce4"
    },
    "timestamp_scrape":"2025-06-11T11:25:55.734790",
    "ecommerce":"Tokopedia",
    "product_name":"Gula Kelapa Kunyit Organik (Organic Crystal Turmeric Coconut Sugar) Pouch 454 Gr",
    "price_raw":"Rp58.000",
    "price_clean":58000.0,
    "shop_name":"Gulapa Indonesia",
    "location":"Lokasi tidak tersedia",
    "sold_count_raw":"1 terjual",
    "sold_count_clean":1.0,
    "product_url":"https:\/\/www.tokopedia.com\/gulapaindonesia\/gula-kelapa-kunyit-organik-organic-crystal-turmeric-coconut-sugar-pouch-454-gr?extParam=ivf%3Dfalse%26keyword%3Dcoconut+sugar%26src%3Dsearch",
    "search_query":"coconut sugar",
    "weight_kg":0.454,
    "price_per_kg":127753.3039647577,
    "0":"lain",
    "1":"organik"
  },
  {
    "_id":{
      "$oid":"684908867013c07662ad8ce5"
    },
    "timestamp_scrape":"2025-06-11T11:25:57.009307",
    "ecommerce":"Tokopedia",
    "product_name":"LG Coconut Sugar 500 gram Premium Quality",
    "price_raw":"Rp28.421",
    "price_clean":28421.0,
    "shop_name":"LIVIAN GROSIR",
    "location":"Lokasi tidak tersedia",
    "sold_count_raw":"0 terjual",
    "sold_count_clean":0.0,
    "product_url":"https:\/\/www.tokopedia.com\/livian-grosir\/lg-coconut-sugar-500-gram-premium-quality-1730281896746124827?extParam=ivf%3Dfalse%26keyword%3Dcoconut+sugar%26src%3Dsearch",
    "search_query":"coconut sugar",
    "weight_kg":0.5,
    "price_per_kg":56842.0,
    "0":"lain",
    "1":"murni"
  },
  {
    "_id":{
      "$oid":"684908867013c07662ad8ce6"
    },
    "timestamp_scrape":"2025-06-11T11:25:58.232540",
    "ecommerce":"Tokopedia",
    "product_name":"Gula Kelapa Kunyit Organik (Organic Crystal Turmeric Coconut Sugar) Sachet Box 600 Gr",
    "price_raw":"Rp81.500",
    "price_clean":81500.0,
    "shop_name":"Gulapa Indonesia",
    "location":"Lokasi tidak tersedia",
    "sold_count_raw":"0 terjual",
    "sold_count_clean":0.0,
    "product_url":"https:\/\/www.tokopedia.com\/gulapaindonesia\/gula-kelapa-kunyit-organik-organic-crystal-turmeric-coconut-sugar-sachet-box-600-gr?extParam=ivf%3Dfalse%26keyword%3Dcoconut+sugar%26src%3Dsearch",
    "search_query":"coconut sugar",
    "weight_kg":0.6,
    "price_per_kg":135833.3333333333,
    "0":"lain",
    "1":"umum"
  },
  {
    "_id":{
      "$oid":"684908867013c07662ad8ce7"
    },
    "timestamp_scrape":"2025-06-11T11:25:59.496991",
    "ecommerce":"Tokopedia",
    "product_name":"Javara organik crystal coconut sugar 250g",
    "price_raw":"Rp129.900",
    "price_clean":129900.0,
    "shop_name":"R&K_Shop",
    "location":"Lokasi tidak tersedia",
    "sold_count_raw":"0 terjual",
    "sold_count_clean":0.0,
    "product_url":"https:\/\/www.tokopedia.com\/rkshop-2\/javara-organik-crystal-coconut-sugar-250g?extParam=ivf%3Dfalse%26keyword%3Dcoconut+sugar%26src%3Dsearch",
    "search_query":"coconut sugar",
    "weight_kg":0.25,
    "price_per_kg":519600.0,
    "0":"lain",
    "1":"umum"
  },
  {
    "_id":{
      "$oid":"684908867013c07662ad8ce8"
    },
    "timestamp_scrape":"2025-06-11T11:26:00.785356",
    "ecommerce":"Tokopedia",
    "product_name":"Wayang gula jawa 500gr coconut sugar gula merah",
    "price_raw":"Rp38.500",
    "price_clean":38500.0,
    "shop_name":"sakhi-shop",
    "location":"Lokasi tidak tersedia",
    "sold_count_raw":"0 terjual",
    "sold_count_clean":0.0,
    "product_url":"https:\/\/www.tokopedia.com\/sakhi-shop-1\/wayang-gula-jawa-500gr-coconut-sugar-gula-merah?extParam=ivf%3Dfalse%26keyword%3Dcoconut+sugar%26src%3Dsearch",
    "search_query":"coconut sugar",
    "weight_kg":0.5,
    "price_per_kg":77000.0,
    "0":"lain",
    "1":"organik"
  },
  {
    "_id":{
      "$oid":"684908867013c07662ad8ce9"
    },
    "timestamp_scrape":"2025-06-11T11:26:01.384462",
    "ecommerce":"Tokopedia",
    "product_name":"Coconut Sugar \/ Gula Merah Murni 100% - Kualitas Export",
    "price_raw":"Rp19.000",
    "price_clean":19000.0,
    "shop_name":"BearHome",
    "location":"Lokasi tidak tersedia",
    "sold_count_raw":"2 terjual",
    "sold_count_clean":2.0,
    "product_url":"https:\/\/www.tokopedia.com\/bearhome\/coconut-sugar-gula-merah-murni-100-kualitas-export-300-gram-6f53d?extParam=ivf%3Dfalse%26keyword%3Dcoconut+sugar%26src%3Dsearch",
    "search_query":"coconut sugar",
    "weight_kg":null,
    "price_per_kg":null,
    "0":"bubuk",
    "1":"organik"
  },
  {
    "_id":{
      "$oid":"684908867013c07662ad8ced"
    },
    "timestamp_scrape":"2025-06-11T11:26:37.005698",
    "ecommerce":"Tokopedia",
    "product_name":"HAYS GRANOLA ALL VARIANT 1KG DENGAN ALMOND MEDE CRANBERRY RAISIN ORGANIC COCONUT SUGAR 1000 G",
    "price_raw":"Rp208.000",
    "price_clean":208000.0,
    "shop_name":"Daili Stuff",
    "location":"Lokasi tidak tersedia",
    "sold_count_raw":"1 terjual",
    "sold_count_clean":1.0,
    "product_url":"https:\/\/www.tokopedia.com\/pakety\/hays-granola-all-variant-1kg-dengan-almond-mede-cranberry-raisin-organic-coconut-sugar-1000-g-matcha-72f1c?extParam=ivf%3Dfalse%26keyword%3Dcoconut+sugar%26src%3Dsearch",
    "search_query":"coconut sugar",
    "weight_kg":1.0,
    "price_per_kg":208000.0,
    "0":"lain",
    "1":"umum"
  },
  {
    "_id":{
      "$oid":"684908867013c07662ad8cee"
    },
    "timestamp_scrape":"2025-06-11T11:26:38.304362",
    "ecommerce":"Tokopedia",
    "product_name":"HAYS Granola Dark Chocolate 100 Gram \/ Sereal Oatmeal Cokelat dengan Almond Mete Cranberry Raisin Organic coconut sugar",
    "price_raw":"Rp28.000",
    "price_clean":28000.0,
    "shop_name":"lailaag",
    "location":"Lokasi tidak tersedia",
    "sold_count_raw":"0 terjual",
    "sold_count_clean":0.0,
    "product_url":"https:\/\/www.tokopedia.com\/lailaag\/hays-granola-dark-chocolate-100-gram-sereal-oatmeal-cokelat-dengan-almond-mete-cranberry-raisin-organic-coconut-sugar-1731146685216753302?extParam=ivf%3Dfalse%26keyword%3Dcoconut+sugar%26src%3Dsearch",
    "search_query":"coconut sugar",
    "weight_kg":0.1,
    "price_per_kg":280000.0,
    "0":"bubuk",
    "1":"organik"
  },
  {
    "_id":{
      "$oid":"684908867013c07662ad8cef"
    },
    "timestamp_scrape":"2025-06-11T11:26:39.541706",
    "ecommerce":"Tokopedia",
    "product_name":"Gulare Gula Kelapa Coconut Sugar 400gr",
    "price_raw":"Rp68.000",
    "price_clean":68000.0,
    "shop_name":"DADANG MADANG348",
    "location":"Lokasi tidak tersedia",
    "sold_count_raw":"0 terjual",
    "sold_count_clean":0.0,
    "product_url":"https:\/\/www.tokopedia.com\/dmadang\/gulare-gula-kelapa-coconut-sugar-400gr-1731359329541588946?extParam=ivf%3Dfalse%26keyword%3Dcoconut+sugar%26src%3Dsearch",
    "search_query":"coconut sugar",
    "weight_kg":0.4,
    "price_per_kg":170000.0,
    "0":"lain",
    "1":"organik"
  },
  {
    "_id":{
      "$oid":"684908867013c07662ad8cf0"
    },
    "timestamp_scrape":"2025-06-11T11:26:40.134811",
    "ecommerce":"Tokopedia",
    "product_name":"Timurasa, Crystal Coconut Sugar (Gula Semut Kelapa) 225gr",
    "price_raw":"Rp38.000",
    "price_clean":38000.0,
    "shop_name":"Nourish Indonesia Jakarta Utara",
    "location":"Lokasi tidak tersedia",
    "sold_count_raw":"2 terjual",
    "sold_count_clean":2.0,
    "product_url":"https:\/\/www.tokopedia.com\/nourishindonesiajakut\/timurasa-crystal-coconut-sugar-gula-semut-kelapa-225gr?extParam=ivf%3Dfalse%26keyword%3Dcoconut+sugar%26src%3Dsearch",
    "search_query":"coconut sugar",
    "weight_kg":0.225,
    "price_per_kg":168888.8888888889,
    "0":"lain",
    "1":"umum"
  },
  {
    "_id":{
      "$oid":"684908867013c07662ad8cf1"
    },
    "timestamp_scrape":"2025-06-11T11:26:40.725224",
    "ecommerce":"Tokopedia",
    "product_name":"Coconut Sugar 250 Gram - Gula Kelapa Realsa Untuk Es Kopi Susu",
    "price_raw":"Rp25.000",
    "price_clean":25000.0,
    "shop_name":"knkkoffeeresources",
    "location":"Lokasi tidak tersedia",
    "sold_count_raw":"10 terjual",
    "sold_count_clean":10.0,
    "product_url":"https:\/\/www.tokopedia.com\/knkkoffeeresources\/coconut-sugar-250-gram-gula-kelapa-realsa-untuk-es-kopi-susu?extParam=ivf%3Dfalse%26keyword%3Dcoconut+sugar%26src%3Dsearch",
    "search_query":"coconut sugar",
    "weight_kg":0.25,
    "price_per_kg":100000.0,
    "0":"lain",
    "1":"umum"
  },
  {
    "_id":{
      "$oid":"684908867013c07662ad8cf2"
    },
    "timestamp_scrape":"2025-06-11T11:26:41.947492",
    "ecommerce":"Tokopedia",
    "product_name":"CB Nourish Indonesia, Organic Coconut Sugar 1kg",
    "price_raw":"Rp73.148",
    "price_clean":73148.0,
    "shop_name":"chibimart88",
    "location":"Lokasi tidak tersedia",
    "sold_count_raw":"0 terjual",
    "sold_count_clean":0.0,
    "product_url":"https:\/\/www.tokopedia.com\/chibimart88\/cb-nourish-indonesia-organic-coconut-sugar-1kg-1730277179011859926?extParam=ivf%3Dfalse%26keyword%3Dcoconut+sugar%26src%3Dsearch",
    "search_query":"coconut sugar",
    "weight_kg":1.0,
    "price_per_kg":73148.0,
    "0":"lain",
    "1":"umum"
  },
  {
    "_id":{
      "$oid":"684908867013c07662ad8cf3"
    },
    "timestamp_scrape":"2025-06-11T11:26:43.179589",
    "ecommerce":"Tokopedia",
    "product_name":"Gula Semut - Gula Kelapa Kristal - Organic Coconut Sugar - Palm Sugar",
    "price_raw":"Rp2.500",
    "price_clean":2500.0,
    "shop_name":"Toko Millenial",
    "location":"Lokasi tidak tersedia",
    "sold_count_raw":"0 terjual",
    "sold_count_clean":0.0,
    "product_url":"https:\/\/www.tokopedia.com\/tokomillenial\/gula-semut-gula-kelapa-kristal-organic-coconut-sugar-palm-sugar?extParam=ivf%3Dfalse%26keyword%3Dcoconut+sugar%26src%3Dsearch",
    "search_query":"coconut sugar",
    "weight_kg":null,
    "price_per_kg":null,
    "0":"lain",
    "1":"umum"
  },
  {
    "_id":{
      "$oid":"684908867013c07662ad8cf4"
    },
    "timestamp_scrape":"2025-06-11T11:26:44.426275",
    "ecommerce":"Tokopedia",
    "product_name":"BEST THE BODY SHOP SUGAR CREAM BODY SCRUB COCONUT SHEA MANGO AVOCADO 50ML",
    "price_raw":"Rp145.000",
    "price_clean":145000.0,
    "shop_name":"Lady beauty skincaree",
    "location":"Lokasi tidak tersedia",
    "sold_count_raw":"0 terjual",
    "sold_count_clean":0.0,
    "product_url":"https:\/\/www.tokopedia.com\/archive-ladybeautyskncre-1657758073\/best-the-body-shop-sugar-cream-body-scrub-coconut-shea-mango-avocado-50ml-1730901586461033518?extParam=ivf%3Dfalse%26keyword%3Dcoconut+sugar%26src%3Dsearch",
    "search_query":"coconut sugar",
    "weight_kg":0.05,
    "price_per_kg":2900000.0,
    "0":"lain",
    "1":"umum"
  },
  {
    "_id":{
      "$oid":"684908867013c07662ad8cf5"
    },
    "timestamp_scrape":"2025-06-11T11:26:45.015917",
    "ecommerce":"Tokopedia",
    "product_name":"Nucifera, Organic White Coconut Sugar 1kg",
    "price_raw":"Rp91.000",
    "price_clean":91000.0,
    "shop_name":"hanitistoore",
    "location":"Lokasi tidak tersedia",
    "sold_count_raw":"1 terjual",
    "sold_count_clean":1.0,
    "product_url":"https:\/\/www.tokopedia.com\/hanitistoore\/nucifera-organic-white-coconut-sugar-1kg?extParam=ivf%3Dfalse%26keyword%3Dcoconut+sugar%26src%3Dsearch",
    "search_query":"coconut sugar",
    "weight_kg":1.0,
    "price_per_kg":91000.0,
    "0":"bubuk",
    "1":"umum"
  },
  {
    "_id":{
      "$oid":"684908867013c07662ad8cf6"
    },
    "timestamp_scrape":"2025-06-11T11:26:45.608392",
    "ecommerce":"Tokopedia",
    "product_name":"Harga Promo Singabera Premium 1Kg Organic Coconut Sugar Gula Kelapa Organik Pouch",
    "price_raw":"Rp210.000",
    "price_clean":210000.0,
    "shop_name":"Dapur AIA",
    "location":"Lokasi tidak tersedia",
    "sold_count_raw":"1 terjual",
    "sold_count_clean":1.0,
    "product_url":"https:\/\/www.tokopedia.com\/dapuraia\/harga-promo-singabera-premium-1kg-organic-coconut-sugar-gula-kelapa-organik-pouch-1731020749386384577?extParam=ivf%3Dfalse%26keyword%3Dcoconut+sugar%26src%3Dsearch",
    "search_query":"coconut sugar",
    "weight_kg":1.0,
    "price_per_kg":210000.0,
    "0":"lain",
    "1":"umum"
  },
  {
    "_id":{
      "$oid":"684908867013c07662ad8cf7"
    },
    "timestamp_scrape":"2025-06-11T11:26:46.200731",
    "ecommerce":"Tokopedia",
    "product_name":"Beorganik Coconut Sugar Powder Gula Kelapa Bubuk 350 gr",
    "price_raw":"Rp49.400",
    "price_clean":49400.0,
    "shop_name":"milkastores",
    "location":"Lokasi tidak tersedia",
    "sold_count_raw":"1 terjual",
    "sold_count_clean":1.0,
    "product_url":"https:\/\/www.tokopedia.com\/milkastorell\/beorganik-coconut-sugar-powder-gula-kelapa-bubuk-350-gr?extParam=ivf%3Dfalse%26keyword%3Dcoconut+sugar%26src%3Dsearch",
    "search_query":"coconut sugar",
    "weight_kg":0.35,
    "price_per_kg":141142.8571428572,
    "0":"lain",
    "1":"umum"
  },
  {
    "_id":{
      "$oid":"684908867013c07662ad8cfa"
    },
    "timestamp_scrape":"2025-06-11T11:27:10.556988",
    "ecommerce":"Tokopedia",
    "product_name":"GOJEK - Vegan Dark Chocolate Coconut Bars - No Refined Sugar - rebuildofficial",
    "price_raw":"Rp215.000",
    "price_clean":215000.0,
    "shop_name":"QuintoMart",
    "location":"Lokasi tidak tersedia",
    "sold_count_raw":"0 terjual",
    "sold_count_clean":0.0,
    "product_url":"https:\/\/www.tokopedia.com\/tganteng\/gojek-vegan-dark-chocolate-coconut-bars-no-refined-sugar-rebuildofficial-1731004145832527510?extParam=ivf%3Dfalse%26keyword%3Dcoconut+sugar%26src%3Dsearch",
    "search_query":"coconut sugar",
    "weight_kg":null,
    "price_per_kg":null,
    "0":"lain",
    "1":"organik"
  },
  {
    "_id":{
      "$oid":"684908867013c07662ad8cfb"
    },
    "timestamp_scrape":"2025-06-11T11:27:11.150287",
    "ecommerce":"Tokopedia",
    "product_name":"GULA KELAPA AREN CAIR MURNI COCONUT PALM SUGAR DINKES Food Bahan",
    "price_raw":"Rp32.000",
    "price_clean":32000.0,
    "shop_name":"JAGOANFOOD",
    "location":"Lokasi tidak tersedia",
    "sold_count_raw":"2 terjual",
    "sold_count_clean":2.0,
    "product_url":"https:\/\/www.tokopedia.com\/jagoanfood-94\/gula-kelapa-aren-cair-murni-coconut-palm-sugar-dinkes-food-bahan-1729628867429239666?extParam=ivf%3Dfalse%26keyword%3Dcoconut+sugar%26src%3Dsearch",
    "search_query":"coconut sugar",
    "weight_kg":null,
    "price_per_kg":null,
    "0":"lain",
    "1":"umum"
  },
  {
    "_id":{
      "$oid":"684908867013c07662ad8cfd"
    },
    "timestamp_scrape":"2025-06-11T11:27:12.335988",
    "ecommerce":"Tokopedia",
    "product_name":"Singabera Organic Coconut Sugar Gula Kelapa Organik 454g",
    "price_raw":"Rp56.000",
    "price_clean":56000.0,
    "shop_name":"Nourish Indonesia Jakarta Utara",
    "location":"Lokasi tidak tersedia",
    "sold_count_raw":"3 terjual",
    "sold_count_clean":3.0,
    "product_url":"https:\/\/www.tokopedia.com\/nourishindonesiajakut\/singabera-organic-coconut-sugar-gula-kelapa-organik-454g?extParam=ivf%3Dfalse%26keyword%3Dcoconut+sugar%26src%3Dsearch",
    "search_query":"coconut sugar",
    "weight_kg":0.454,
    "price_per_kg":123348.0176211454,
    "0":"lain",
    "1":"umum"
  },
  {
    "_id":{
      "$oid":"684908867013c07662ad8cfe"
    },
    "timestamp_scrape":"2025-06-11T11:27:13.550701",
    "ecommerce":"Tokopedia",
    "product_name":"REMPAHI Coconut Sugar Powder \/ Gula Kelapa Bubuk 180 gr",
    "price_raw":"Rp29.500",
    "price_clean":29500.0,
    "shop_name":"Rempahi Indonesia_NEW",
    "location":"Lokasi tidak tersedia",
    "sold_count_raw":"0 terjual",
    "sold_count_clean":0.0,
    "product_url":"https:\/\/www.tokopedia.com\/rempahi-indonesia\/rempahi-coconut-sugar-powder-gula-kelapa-bubuk-180-gr-1730341868889212889?extParam=ivf%3Dfalse%26keyword%3Dcoconut+sugar%26src%3Dsearch",
    "search_query":"coconut sugar",
    "weight_kg":0.18,
    "price_per_kg":163888.8888888889,
    "0":"lain",
    "1":"organik"
  },
  {
    "_id":{
      "$oid":"684908867013c07662ad8cff"
    },
    "timestamp_scrape":"2025-06-11T11:27:14.145784",
    "ecommerce":"Tokopedia",
    "product_name":"Terbaru Brown Sugar Bubuk Stick Ansell \/ Gula Merah \/ Coconut Sugar Stik 480G Best Seller",
    "price_raw":"Rp112.000",
    "price_clean":112000.0,
    "shop_name":"tokobusup",
    "location":"Lokasi tidak tersedia",
    "sold_count_raw":"2 terjual",
    "sold_count_clean":2.0,
    "product_url":"https:\/\/www.tokopedia.com\/tokobusup\/terbaru-brown-sugar-bubuk-stick-ansell-gula-merah-coconut-sugar-stik-480g-best-seller-1730871288967824569?extParam=ivf%3Dfalse%26keyword%3Dcoconut+sugar%26src%3Dsearch",
    "search_query":"coconut sugar",
    "weight_kg":0.48,
    "price_per_kg":233333.3333333333,
    "0":"bubuk",
    "1":"organik"
  },
  {
    "_id":{
      "$oid":"684908867013c07662ad8d00"
    },
    "timestamp_scrape":"2025-06-11T11:27:14.732469",
    "ecommerce":"Tokopedia",
    "product_name":"Naked Whey Protein All Natural Grass Fed Coconut Sugar 25 G \/ Servings Produk Unggulan",
    "price_raw":"Rp5.370.000",
    "price_clean":5370000.0,
    "shop_name":"Nutra Boost",
    "location":"Lokasi tidak tersedia",
    "sold_count_raw":"1 terjual",
    "sold_count_clean":1.0,
    "product_url":"https:\/\/www.tokopedia.com\/sulasihcell\/naked-whey-protein-all-natural-grass-fed-coconut-sugar-25-g-servings-produk-unggulan-1731055782229673005?extParam=ivf%3Dfalse%26keyword%3Dcoconut+sugar%26src%3Dsearch",
    "search_query":"coconut sugar",
    "weight_kg":0.025,
    "price_per_kg":214800000.0,
    "0":"lain",
    "1":"umum"
  },
  {
    "_id":{
      "$oid":"684908867013c07662ad8d01"
    },
    "timestamp_scrape":"2025-06-11T11:27:15.321532",
    "ecommerce":"Tokopedia",
    "product_name":"Gula Kelapa Coconut Brown Sugar Premium 250 gram",
    "price_raw":"Rp22.000",
    "price_clean":22000.0,
    "shop_name":"Misterhero Store",
    "location":"Lokasi tidak tersedia",
    "sold_count_raw":"4 terjual",
    "sold_count_clean":4.0,
    "product_url":"https:\/\/www.tokopedia.com\/misterherostore\/gula-kelapa-coconut-brown-sugar-premium-250-gram-1730848100888643420?extParam=ivf%3Dfalse%26keyword%3Dcoconut+sugar%26src%3Dsearch",
    "search_query":"coconut sugar",
    "weight_kg":0.25,
    "price_per_kg":88000.0,
    "0":"lain",
    "1":"organik"
  },
  {
    "_id":{
      "$oid":"684908867013c07662ad8d02"
    },
    "timestamp_scrape":"2025-06-11T11:27:15.912043",
    "ecommerce":"Tokopedia",
    "product_name":"Papua Brown Sugar Coffee Milk, 500mL, Notes: Barley, Caramel, Coconut & Chocolate, Very Special Taste",
    "price_raw":"Rp55.000",
    "price_clean":55000.0,
    "shop_name":"GoShot Coffee",
    "location":"Lokasi tidak tersedia",
    "sold_count_raw":"1 terjual",
    "sold_count_clean":1.0,
    "product_url":"https:\/\/www.tokopedia.com\/goshot\/papua-brown-sugar-coffee-milk-500ml-notes-barley-caramel-coconut-chocolate-very-special-taste-1731135273543829019?extParam=ivf%3Dfalse%26keyword%3Dcoconut+sugar%26src%3Dsearch",
    "search_query":"coconut sugar",
    "weight_kg":0.5,
    "price_per_kg":110000.0,
    "0":"lain",
    "1":"umum"
  },
  {
    "_id":{
      "$oid":"684908867013c07662ad8d03"
    },
    "timestamp_scrape":"2025-06-11T11:27:16.504186",
    "ecommerce":"Tokopedia",
    "product_name":"singabera organic coconut sugar 454 gr",
    "price_raw":"Rp67.500",
    "price_clean":67500.0,
    "shop_name":"Leshi shop",
    "location":"Lokasi tidak tersedia",
    "sold_count_raw":"1 terjual",
    "sold_count_clean":1.0,
    "product_url":"https:\/\/www.tokopedia.com\/leshi-shop\/singabera-organic-coconut-sugar-454-gr?extParam=ivf%3Dfalse%26keyword%3Dcoconut+sugar%26src%3Dsearch",
    "search_query":"coconut sugar",
    "weight_kg":0.454,
    "price_per_kg":148678.4140969163,
    "0":"lain",
    "1":"organik"
  },
  {
    "_id":{
      "$oid":"684908867013c07662ad8d04"
    },
    "timestamp_scrape":"2025-06-11T11:27:17.101062",
    "ecommerce":"Tokopedia",
    "product_name":"Kara Sun Santan Kelapa Cair Siap Pakai 200ml Milk Dairy Coconut Susu Gluten Sugar",
    "price_raw":"Rp29.999",
    "price_clean":29999.0,
    "shop_name":"Toko Sembako Untung_NEW",
    "location":"Lokasi tidak tersedia",
    "sold_count_raw":"3 terjual",
    "sold_count_clean":3.0,
    "product_url":"https:\/\/www.tokopedia.com\/toko-sembako-untung\/kara-sun-santan-kelapa-cair-siap-pakai-200ml-milk-dairy-coconut-susu-gluten-sugar-1731172976525936591?extParam=ivf%3Dfalse%26keyword%3Dcoconut+sugar%26src%3Dsearch",
    "search_query":"coconut sugar",
    "weight_kg":0.2,
    "price_per_kg":149995.0,
    "0":"lain",
    "1":"umum"
  },
  {
    "_id":{
      "$oid":"684908867013c07662ad8d05"
    },
    "timestamp_scrape":"2025-06-11T11:27:17.689452",
    "ecommerce":"Tokopedia",
    "product_name":"PROMO\/ [GIFT SET ISI 2PC] VS SET ISI 125ML PARFUM BODY MIST CAKE CONFETTI CANDY BABY SUGAR HIGH FRUIT CRUSH PURE SEDUCTION LOVE SPELL BARE VANILLA COCONUT PASSION TERLARIS\/TERBARU\/SPESIAL",
    "price_raw":"Rp299.000",
    "price_clean":299000.0,
    "shop_name":"hendrikhoki",
    "location":"Lokasi tidak tersedia",
    "sold_count_raw":"5 terjual",
    "sold_count_clean":5.0,
    "product_url":"https:\/\/www.tokopedia.com\/hendrikhoki\/promo-gift-set-isi-2pc-vs-set-isi-125ml-parfum-body-mist-cake-confetti-candy-baby-sugar-high-fruit-crush-pure-seduction-love-spell-bare-vanilla-coconut-passion-terlaris-terbaru-spesial-1731239741309682997?extParam=ivf%3Dfalse%26keyword%3Dcoconut+sugar%26src%3Dsearch",
    "search_query":"coconut sugar",
    "weight_kg":0.125,
    "price_per_kg":2392000.0,
    "0":"lain",
    "1":"organik"
  },
  {
    "_id":{
      "$oid":"684908867013c07662ad8d07"
    },
    "timestamp_scrape":"2025-06-11T11:27:43.057553",
    "ecommerce":"Tokopedia",
    "product_name":"Young Coconut sugar\/salt bowl",
    "price_raw":"Rp68.000",
    "price_clean":68000.0,
    "shop_name":"Risara_props",
    "location":"Lokasi tidak tersedia",
    "sold_count_raw":"1 terjual",
    "sold_count_clean":1.0,
    "product_url":"https:\/\/www.tokopedia.com\/risaraprops\/young-coconut-sugar-salt-bowl?extParam=ivf%3Dfalse%26keyword%3Dcoconut+sugar%26src%3Dsearch",
    "search_query":"coconut sugar",
    "weight_kg":null,
    "price_per_kg":null,
    "0":"bubuk",
    "1":"umum"
  },
  {
    "_id":{
      "$oid":"684908867013c07662ad8d08"
    },
    "timestamp_scrape":"2025-06-11T11:27:43.645688",
    "ecommerce":"Tokopedia",
    "product_name":"Viral Camilan Makanan Sehat \/ Healthy Foodsingapore Amazin' Graze Granola 250 Gr Varian Banana Bread, Apple Crumble, Coconut Kaya, Hazelnut Blackforest, Blueberry Goji Coconut, Low Sugar Murah",
    "price_raw":"Rp198.000",
    "price_clean":198000.0,
    "shop_name":"giarti mart",
    "location":"Lokasi tidak tersedia",
    "sold_count_raw":"5 terjual",
    "sold_count_clean":5.0,
    "product_url":"https:\/\/www.tokopedia.com\/giartimart\/viral-camilan-makanan-sehat-healthy-foodsingapore-amazin-graze-granola-250-gr-varian-banana-bread-apple-crumble-coconut-kaya-hazelnut-blackforest-blueberry-goji-coconut-low-sugar-murah-1730990275923969395?extParam=ivf%3Dfalse%26keyword%3Dcoconut+sugar%26src%3Dsearch",
    "search_query":"coconut sugar",
    "weight_kg":0.25,
    "price_per_kg":792000.0,
    "0":"lain",
    "1":"organik"
  },
  {
    "_id":{
      "$oid":"684908867013c07662ad8d09"
    },
    "timestamp_scrape":"2025-06-11T11:27:44.236781",
    "ecommerce":"Tokopedia",
    "product_name":"Timurasa Coconut Sugar (225 gr) \/  Gula Kelapa",
    "price_raw":"Rp26.000",
    "price_clean":26000.0,
    "shop_name":"Peppermint Organics",
    "location":"Lokasi tidak tersedia",
    "sold_count_raw":"2 terjual",
    "sold_count_clean":2.0,
    "product_url":"https:\/\/www.tokopedia.com\/peppermintorganics\/timurasa-coconut-sugar-225-gr-gula-kelapa?extParam=ivf%3Dfalse%26keyword%3Dcoconut+sugar%26src%3Dsearch",
    "search_query":"coconut sugar",
    "weight_kg":0.225,
    "price_per_kg":115555.5555555555,
    "0":"lain",
    "1":"umum"
  },
  {
    "_id":{
      "$oid":"684908867013c07662ad8d0a"
    },
    "timestamp_scrape":"2025-06-11T11:27:44.834770",
    "ecommerce":"Tokopedia",
    "product_name":"Plum & Blum Mpasi Coconut Sugar Organic BB booster - 150 gr",
    "price_raw":"Rp27.900",
    "price_clean":27900.0,
    "shop_name":"Gubug Organik_NEW",
    "location":"Lokasi tidak tersedia",
    "sold_count_raw":"2 terjual",
    "sold_count_clean":2.0,
    "product_url":"https:\/\/www.tokopedia.com\/gubug-organik\/plum-blum-mpasi-coconut-sugar-organic-bb-booster-150-gr-1729570929168582686?extParam=ivf%3Dfalse%26keyword%3Dcoconut+sugar%26src%3Dsearch",
    "search_query":"coconut sugar",
    "weight_kg":0.15,
    "price_per_kg":186000.0,
    "0":"bubuk",
    "1":"umum"
  },
  {
    "_id":{
      "$oid":"684908867013c07662ad8d0b"
    },
    "timestamp_scrape":"2025-06-11T11:27:45.424318",
    "ecommerce":"Tokopedia",
    "product_name":"S1863 singabera organic coconut sugar 1kg",
    "price_raw":"Rp111.000",
    "price_clean":111000.0,
    "shop_name":"arethacalianna",
    "location":"Lokasi tidak tersedia",
    "sold_count_raw":"4 terjual",
    "sold_count_clean":4.0,
    "product_url":"https:\/\/www.tokopedia.com\/arethacalianna\/s1863-singabera-organic-coconut-sugar-1kg?extParam=ivf%3Dfalse%26keyword%3Dcoconut+sugar%26src%3Dsearch",
    "search_query":"coconut sugar",
    "weight_kg":1.0,
    "price_per_kg":111000.0,
    "0":"lain",
    "1":"umum"
  },
  {
    "_id":{
      "$oid":"684908867013c07662ad8d0c"
    },
    "timestamp_scrape":"2025-06-11T11:27:46.014705",
    "ecommerce":"Tokopedia",
    "product_name":"Gula Semut Kelapa Timurasa (Coconut Sugar Crystal)",
    "price_raw":"Rp26.000",
    "price_clean":26000.0,
    "shop_name":"bumi indonesia superfood",
    "location":"Lokasi tidak tersedia",
    "sold_count_raw":"3 terjual",
    "sold_count_clean":3.0,
    "product_url":"https:\/\/www.tokopedia.com\/bumi-superfood\/gula-semut-kelapa-timurasa-coconut-sugar-crystal?extParam=ivf%3Dfalse%26keyword%3Dcoconut+sugar%26src%3Dsearch",
    "search_query":"coconut sugar",
    "weight_kg":null,
    "price_per_kg":null,
    "0":"lain",
    "1":"organik"
  },
  {
    "_id":{
      "$oid":"684908867013c07662ad8d0d"
    },
    "timestamp_scrape":"2025-06-11T11:27:46.606871",
    "ecommerce":"Tokopedia",
    "product_name":"Tree hut shea sugar body scrub coconut lime 510gr ORIGINAL",
    "price_raw":"Rp499.000",
    "price_clean":499000.0,
    "shop_name":"Littleivyshop",
    "location":"Lokasi tidak tersedia",
    "sold_count_raw":"2 terjual",
    "sold_count_clean":2.0,
    "product_url":"https:\/\/www.tokopedia.com\/littleivyshop\/tree-hut-shea-sugar-body-scrub-coconut-lime-510gr-original?extParam=ivf%3Dfalse%26keyword%3Dcoconut+sugar%26src%3Dsearch",
    "search_query":"coconut sugar",
    "weight_kg":0.51,
    "price_per_kg":978431.3725490196,
    "0":"lain",
    "1":"umum"
  },
  {
    "_id":{
      "$oid":"684908867013c07662ad8d0e"
    },
    "timestamp_scrape":"2025-06-11T11:27:47.205328",
    "ecommerce":"Tokopedia",
    "product_name":"Plum&Blum Coconut Sugar Bb Booster",
    "price_raw":"Rp25.000",
    "price_clean":25000.0,
    "shop_name":"Kuma Baby Shop Official",
    "location":"Lokasi tidak tersedia",
    "sold_count_raw":"3 terjual",
    "sold_count_clean":3.0,
    "product_url":"https:\/\/www.tokopedia.com\/kumababyshop\/plum-blum-coconut-sugar-bb-booster-default?extParam=ivf%3Dfalse%26keyword%3Dcoconut+sugar%26src%3Dsearch",
    "search_query":"coconut sugar",
    "weight_kg":null,
    "price_per_kg":null,
    "0":"lain",
    "1":"umum"
  },
  {
    "_id":{
      "$oid":"684908867013c07662ad8d0f"
    },
    "timestamp_scrape":"2025-06-11T11:27:47.800614",
    "ecommerce":"Tokopedia",
    "product_name":"Coconut Sugar Organic | Gula Kelapa Bubuk | Gula Sehat | 500gr",
    "price_raw":"Rp25.500",
    "price_clean":25500.0,
    "shop_name":"temansehatidn",
    "location":"Lokasi tidak tersedia",
    "sold_count_raw":"1 terjual",
    "sold_count_clean":1.0,
    "product_url":"https:\/\/www.tokopedia.com\/temansehatidn\/coconut-sugar-organic-gula-kelapa-bubuk-gula-sehat-500gr?extParam=ivf%3Dfalse%26keyword%3Dcoconut+sugar%26src%3Dsearch",
    "search_query":"coconut sugar",
    "weight_kg":0.5,
    "price_per_kg":51000.0,
    "0":"lain",
    "1":"umum"
  },
  {
    "_id":{
      "$oid":"684908867013c07662ad8d10"
    },
    "timestamp_scrape":"2025-06-11T11:27:49.049745",
    "ecommerce":"Tokopedia",
    "product_name":"1000Gr Kn Gula Kelapa Organik - Organic Coconut Sugar – Low Gi -",
    "price_raw":"Rp52.000",
    "price_clean":52000.0,
    "shop_name":"CV Hanisa Buana",
    "location":"Lokasi tidak tersedia",
    "sold_count_raw":"0 terjual",
    "sold_count_clean":0.0,
    "product_url":"https:\/\/www.tokopedia.com\/cvhanisa\/1000gr-kn-gula-kelapa-organik-organic-coconut-sugar-low-gi?extParam=ivf%3Dfalse%26keyword%3Dcoconut+sugar%26src%3Dsearch",
    "search_query":"coconut sugar",
    "weight_kg":1.0,
    "price_per_kg":52000.0,
    "0":"lain",
    "1":"umum"
  },
  {
    "_id":{
      "$oid":"684908867013c07662ad8d11"
    },
    "timestamp_scrape":"2025-06-11T11:27:50.179021",
    "ecommerce":"Tokopedia",
    "product_name":"READYY! Realsa Organic Turmeric Coconut Sugar 250g - Gula Aren Kunyit",
    "price_raw":"Rp64.000",
    "price_clean":64000.0,
    "shop_name":"jaya berkah shp",
    "location":"Lokasi tidak tersedia",
    "sold_count_raw":"0 terjual",
    "sold_count_clean":0.0,
    "product_url":"https:\/\/www.tokopedia.com\/jayaberkahsh\/readyy-realsa-organic-turmeric-coconut-sugar-250g-gula-aren-kunyit-1731348210140087918?extParam=ivf%3Dfalse%26keyword%3Dcoconut+sugar%26src%3Dsearch",
    "search_query":"coconut sugar",
    "weight_kg":0.25,
    "price_per_kg":256000.0,
    "0":"lain",
    "1":"umum"
  },
  {
    "_id":{
      "$oid":"684908867013c07662ad8d14"
    },
    "timestamp_scrape":"2025-06-11T11:28:17.355481",
    "ecommerce":"Tokopedia",
    "product_name":"House Of Organix Beras Kencur + Coconut Sugar 200 Gr",
    "price_raw":"Rp70.000",
    "price_clean":70000.0,
    "shop_name":"thirih",
    "location":"Lokasi tidak tersedia",
    "sold_count_raw":"0 terjual",
    "sold_count_clean":0.0,
    "product_url":"https:\/\/www.tokopedia.com\/thirih\/house-of-organix-beras-kencur-coconut-sugar-200-gr-1730797633422329756?extParam=ivf%3Dfalse%26keyword%3Dcoconut+sugar%26src%3Dsearch",
    "search_query":"coconut sugar",
    "weight_kg":0.2,
    "price_per_kg":350000.0,
    "0":"lain",
    "1":"umum"
  },
  {
    "_id":{
      "$oid":"684908867013c07662ad8d15"
    },
    "timestamp_scrape":"2025-06-11T11:28:18.581059",
    "ecommerce":"Tokopedia",
    "product_name":"Portable Coconut Skin Scraper Machine Carrot Sugar Cane Shanzigua Peeler",
    "price_raw":"Rp4.369.000",
    "price_clean":4369000.0,
    "shop_name":"GROSIR MOTIFLENTORO TERBARUU",
    "location":"Lokasi tidak tersedia",
    "sold_count_raw":"0 terjual",
    "sold_count_clean":0.0,
    "product_url":"https:\/\/www.tokopedia.com\/grosirmotiflen-1\/portable-coconut-skin-scraper-machine-carrot-sugar-cane-shanzigua-peeler-1731088899138160166?extParam=ivf%3Dfalse%26keyword%3Dcoconut+sugar%26src%3Dsearch",
    "search_query":"coconut sugar",
    "weight_kg":null,
    "price_per_kg":null,
    "0":"lain",
    "1":"umum"
  },
  {
    "_id":{
      "$oid":"684908867013c07662ad8d16"
    },
    "timestamp_scrape":"2025-06-11T11:28:19.801903",
    "ecommerce":"Tokopedia",
    "product_name":"PLUM & BLUM SANTAN MPASI COCONUT MILK POWDER BB BOOSTER \/ COCONUT SUGAR POWDER BB BOOSTER",
    "price_raw":"Rp63.000",
    "price_clean":63000.0,
    "shop_name":"vuj alo",
    "location":"Lokasi tidak tersedia",
    "sold_count_raw":"0 terjual",
    "sold_count_clean":0.0,
    "product_url":"https:\/\/www.tokopedia.com\/vuj-alo\/plum-blum-santan-mpasi-coconut-milk-powder-bb-booster-coconut-sugar-powder-bb-booster-1731625908242384003?extParam=ivf%3Dfalse%26keyword%3Dcoconut+sugar%26src%3Dsearch",
    "search_query":"coconut sugar",
    "weight_kg":null,
    "price_per_kg":null,
    "0":"lain",
    "1":"umum"
  },
  {
    "_id":{
      "$oid":"684908867013c07662ad8d17"
    },
    "timestamp_scrape":"2025-06-11T11:28:20.394787",
    "ecommerce":"Tokopedia",
    "product_name":"Gula Kelapa Organik \/ Organic Coconut Sugar \/ Gula Semut Kelapa (500 GRAM) - Four Tea",
    "price_raw":"Rp70.500",
    "price_clean":70500.0,
    "shop_name":"FOUR TEA",
    "location":"Lokasi tidak tersedia",
    "sold_count_raw":"4 terjual",
    "sold_count_clean":4.0,
    "product_url":"https:\/\/www.tokopedia.com\/fourtea\/gula-kelapa-organik-organic-coconut-sugar-gula-semut-kelapa-500-gram-four-tea-1731344762544621513?extParam=ivf%3Dfalse%26keyword%3Dcoconut+sugar%26src%3Dsearch",
    "search_query":"coconut sugar",
    "weight_kg":0.5,
    "price_per_kg":141000.0,
    "0":"cair",
    "1":"umum"
  },
  {
    "_id":{
      "$oid":"684908867013c07662ad8d18"
    },
    "timestamp_scrape":"2025-06-11T11:28:20.985200",
    "ecommerce":"Tokopedia",
    "product_name":"Javara organik crystal coconut sugar cinnamon 250g",
    "price_raw":"Rp89.900",
    "price_clean":89900.0,
    "shop_name":"R&K_Shop",
    "location":"Lokasi tidak tersedia",
    "sold_count_raw":"11 terjual",
    "sold_count_clean":11.0,
    "product_url":"https:\/\/www.tokopedia.com\/rkshop-2\/javara-organik-crystal-coconut-sugar-cinnamon-250g?extParam=ivf%3Dfalse%26keyword%3Dcoconut+sugar%26src%3Dsearch",
    "search_query":"coconut sugar",
    "weight_kg":0.25,
    "price_per_kg":359600.0,
    "0":"cair",
    "1":"umum"
  },
  {
    "_id":{
      "$oid":"684908867013c07662ad8d19"
    },
    "timestamp_scrape":"2025-06-11T11:28:21.574039",
    "ecommerce":"Tokopedia",
    "product_name":"SINGABERA ORGANIC COCONUT SUGAR (ORGANIK GULA KELAPA) 454GR",
    "price_raw":"Rp67.000",
    "price_clean":67000.0,
    "shop_name":"TOKO BEN 23",
    "location":"Lokasi tidak tersedia",
    "sold_count_raw":"9 terjual",
    "sold_count_clean":9.0,
    "product_url":"https:\/\/www.tokopedia.com\/tokoben23\/singabera-organic-coconut-sugar-organik-gula-kelapa-454gr?extParam=ivf%3Dfalse%26keyword%3Dcoconut+sugar%26src%3Dsearch",
    "search_query":"coconut sugar",
    "weight_kg":0.454,
    "price_per_kg":147577.0925110132,
    "0":"lain",
    "1":"organik"
  },
  {
    "_id":{
      "$oid":"684908867013c07662ad8d1a"
    },
    "timestamp_scrape":"2025-06-11T11:28:22.165743",
    "ecommerce":"Tokopedia",
    "product_name":"GULA KELAPA ORGANIK | ORGANIC COCONUT SUGAR by GUT WELL SOON CO",
    "price_raw":"Rp35.500",
    "price_clean":35500.0,
    "shop_name":"Mandaganics",
    "location":"Lokasi tidak tersedia",
    "sold_count_raw":"1 terjual",
    "sold_count_clean":1.0,
    "product_url":"https:\/\/www.tokopedia.com\/mandaganics\/gula-kelapa-organik-organic-coconut-sugar-by-gut-well-soon-co?extParam=ivf%3Dfalse%26keyword%3Dcoconut+sugar%26src%3Dsearch",
    "search_query":"coconut sugar",
    "weight_kg":null,
    "price_per_kg":null,
    "0":"lain",
    "1":"organik"
  },
  {
    "_id":{
      "$oid":"684908867013c07662ad8d1b"
    },
    "timestamp_scrape":"2025-06-11T11:28:23.412049",
    "ecommerce":"Tokopedia",
    "product_name":"Nature's Superfoods Organic Coconut Palm Sugar 1kg Original Product",
    "price_raw":"Rp404.000",
    "price_clean":404000.0,
    "shop_name":"Janai Store",
    "location":"Lokasi tidak tersedia",
    "sold_count_raw":"0 terjual",
    "sold_count_clean":0.0,
    "product_url":"https:\/\/www.tokopedia.com\/dedenurjmana\/nature-s-superfoods-organic-coconut-palm-sugar-1kg-original-product-1731179718960317849?extParam=ivf%3Dfalse%26keyword%3Dcoconut+sugar%26src%3Dsearch",
    "search_query":"coconut sugar",
    "weight_kg":1.0,
    "price_per_kg":404000.0,
    "0":"lain",
    "1":"organik"
  },
  {
    "_id":{
      "$oid":"684908867013c07662ad8d1c"
    },
    "timestamp_scrape":"2025-06-11T11:28:24.000496",
    "ecommerce":"Tokopedia",
    "product_name":"Healthy Organic Coconut Sugar",
    "price_raw":"Rp28.000",
    "price_clean":28000.0,
    "shop_name":"Koffee Public",
    "location":"Lokasi tidak tersedia",
    "sold_count_raw":"20 terjual",
    "sold_count_clean":20.0,
    "product_url":"https:\/\/www.tokopedia.com\/archive-koffeepublic-1665102748\/healthy-organic-coconut-sugar?extParam=ivf%3Dfalse%26keyword%3Dcoconut+sugar%26src%3Dsearch",
    "search_query":"coconut sugar",
    "weight_kg":null,
    "price_per_kg":null,
    "0":"lain",
    "1":"umum"
  },
  {
    "_id":{
      "$oid":"684908867013c07662ad8d1d"
    },
    "timestamp_scrape":"2025-06-11T11:28:24.591716",
    "ecommerce":"Tokopedia",
    "product_name":"Gula Kelapa Organik Original 250g Premium Coconut Sugar Original",
    "price_raw":"Rp20.000",
    "price_clean":20000.0,
    "shop_name":"Yusup Suparman Shop",
    "location":"Lokasi tidak tersedia",
    "sold_count_raw":"17 terjual",
    "sold_count_clean":17.0,
    "product_url":"https:\/\/www.tokopedia.com\/yusupsuparman\/gula-kelapa-organik-original-250g-premium-coconut-sugar-original?extParam=ivf%3Dfalse%26keyword%3Dcoconut+sugar%26src%3Dsearch",
    "search_query":"coconut sugar",
    "weight_kg":0.25,
    "price_per_kg":80000.0,
    "0":"lain",
    "1":"umum"
  },
  {
    "_id":{
      "$oid":"684908867013c07662ad8d1e"
    },
    "timestamp_scrape":"2025-06-11T11:28:25.184974",
    "ecommerce":"Tokopedia",
    "product_name":"SEMPATI GROSIR VCO Oil Kelapa Murni Isi 12 Pcs Cacing Kutu Scabies Kucing Pure Virgin Coconut Oil 100% Natural Jamur Alami Vitamin Bulu Kucing Musang Kelinci Sugar Glider",
    "price_raw":"Rp86.000",
    "price_clean":86000.0,
    "shop_name":"WGD Store",
    "location":"Lokasi tidak tersedia",
    "sold_count_raw":"1 terjual",
    "sold_count_clean":1.0,
    "product_url":"https:\/\/www.tokopedia.com\/wgd-store\/sempati-grosir-vco-oil-kelapa-murni-isi-12-pcs-cacing-kutu-scabies-kucing-pure-virgin-coconut-oil-100-natural-jamur-alami-vitamin-bulu-kucing-musang-kelinci-sugar-glider-1731208390966019244?extParam=ivf%3Dfalse%26keyword%3Dcoconut+sugar%26src%3Dsearch",
    "search_query":"coconut sugar",
    "weight_kg":null,
    "price_per_kg":null,
    "0":"bubuk",
    "1":"umum"
  },
  {
    "_id":{
      "$oid":"684908867013c07662ad8d21"
    },
    "timestamp_scrape":"2025-06-11T11:28:53.296009",
    "ecommerce":"Tokopedia",
    "product_name":"singa bera coconut sugar 500 gr",
    "price_raw":"Rp69.900",
    "price_clean":69900.0,
    "shop_name":"ibu zhafran shop",
    "location":"Lokasi tidak tersedia",
    "sold_count_raw":"4 terjual",
    "sold_count_clean":4.0,
    "product_url":"https:\/\/www.tokopedia.com\/ibuzhafran\/singa-bera-coconut-sugar-500-gr?extParam=ivf%3Dfalse%26keyword%3Dcoconut+sugar%26src%3Dsearch",
    "search_query":"coconut sugar",
    "weight_kg":0.5,
    "price_per_kg":139800.0,
    "0":"bubuk",
    "1":"organik"
  },
  {
    "_id":{
      "$oid":"684908867013c07662ad8d22"
    },
    "timestamp_scrape":"2025-06-11T11:28:54.544338",
    "ecommerce":"Tokopedia",
    "product_name":"TREE HUT SHEA SUGAR BODY SCRUB COCONUT LIME 510 GRAM",
    "price_raw":"Rp350.000",
    "price_clean":350000.0,
    "shop_name":"WealthyHealthy.id",
    "location":"Lokasi tidak tersedia",
    "sold_count_raw":"0 terjual",
    "sold_count_clean":0.0,
    "product_url":"https:\/\/www.tokopedia.com\/wealthyhealthy\/tree-hut-shea-sugar-body-scrub-coconut-lime-510-gram-1731632459456808288?extParam=ivf%3Dfalse%26keyword%3Dcoconut+sugar%26src%3Dsearch",
    "search_query":"coconut sugar",
    "weight_kg":0.51,
    "price_per_kg":686274.5098039216,
    "0":"lain",
    "1":"umum"
  },
  {
    "_id":{
      "$oid":"684908867013c07662ad8d24"
    },
    "timestamp_scrape":"2025-06-11T11:28:55.727222",
    "ecommerce":"Tokopedia",
    "product_name":"Gulapa - Gula Kelapa Kristal Organik (Organic Crystal Coconut Sugar)",
    "price_raw":"Rp38.000",
    "price_clean":38000.0,
    "shop_name":"Gulapa Indonesia",
    "location":"Lokasi tidak tersedia",
    "sold_count_raw":"40+ terjual",
    "sold_count_clean":40.0,
    "product_url":"https:\/\/www.tokopedia.com\/gulapaindonesia\/gulapa-gula-kelapa-kristal-organik-organic-crystal-coconut-sugar-pouch-500-gr-f65ff?extParam=ivf%3Dfalse%26keyword%3Dcoconut+sugar%26src%3Dsearch",
    "search_query":"coconut sugar",
    "weight_kg":null,
    "price_per_kg":null,
    "0":"lain",
    "1":"umum"
  },
  {
    "_id":{
      "$oid":"684908867013c07662ad8d25"
    },
    "timestamp_scrape":"2025-06-11T11:28:57.070415",
    "ecommerce":"Tokopedia",
    "product_name":"ALAMEE Gula Semut Kelapa Aren Organik Asli Bubuk Coconut Sugar Premium Powder Natural Organik 500gr .",
    "price_raw":"Rp34.500",
    "price_clean":34500.0,
    "shop_name":"Asy Syifa Official",
    "location":"Lokasi tidak tersedia",
    "sold_count_raw":"0 terjual",
    "sold_count_clean":0.0,
    "product_url":"https:\/\/www.tokopedia.com\/asy-syifaofficial\/alamee-gula-semut-kelapa-aren-organik-asli-bubuk-coconut-sugar-premium-powder-natural-organik-500gr-gula-aren-500gr-7e506?extParam=ivf%3Dfalse%26keyword%3Dcoconut+sugar%26src%3Dsearch",
    "search_query":"coconut sugar",
    "weight_kg":0.5,
    "price_per_kg":69000.0,
    "0":"bubuk",
    "1":"organik"
  },
  {
    "_id":{
      "$oid":"684908867013c07662ad8d27"
    },
    "timestamp_scrape":"2025-06-11T11:28:58.946555",
    "ecommerce":"Tokopedia",
    "product_name":"Singabera coconut sugar organic 40s box",
    "price_raw":"Rp34.900",
    "price_clean":34900.0,
    "shop_name":"warung Lutfhi",
    "location":"Lokasi tidak tersedia",
    "sold_count_raw":"0 terjual",
    "sold_count_clean":0.0,
    "product_url":"https:\/\/www.tokopedia.com\/archive-tokopepediaslsto\/singabera-coconut-sugar-organic-40s-box?extParam=ivf%3Dfalse%26keyword%3Dcoconut+sugar%26src%3Dsearch",
    "search_query":"coconut sugar",
    "weight_kg":null,
    "price_per_kg":null,
    "0":"lain",
    "1":"umum"
  },
  {
    "_id":{
      "$oid":"684908867013c07662ad8d28"
    },
    "timestamp_scrape":"2025-06-11T11:29:00.207386",
    "ecommerce":"Tokopedia",
    "product_name":"Organic White Coconut Sugar 250g ( Gula Semut ) - Nucifera",
    "price_raw":"Rp27.000",
    "price_clean":27000.0,
    "shop_name":"Aneka Grocery",
    "location":"Lokasi tidak tersedia",
    "sold_count_raw":"0 terjual",
    "sold_count_clean":0.0,
    "product_url":"https:\/\/www.tokopedia.com\/anekagrocery\/organic-white-coconut-sugar-250g-gula-semut-nucifera?extParam=ivf%3Dfalse%26keyword%3Dcoconut+sugar%26src%3Dsearch",
    "search_query":"coconut sugar",
    "weight_kg":0.25,
    "price_per_kg":108000.0,
    "0":"lain",
    "1":"umum"
  },
  {
    "_id":{
      "$oid":"684908867013c07662ad8d29"
    },
    "timestamp_scrape":"2025-06-11T11:29:00.803078",
    "ecommerce":"Tokopedia",
    "product_name":"Raina organic coconut sugar - gula kelapa asli",
    "price_raw":"Rp50.000",
    "price_clean":50000.0,
    "shop_name":"irma nsyah",
    "location":"Lokasi tidak tersedia",
    "sold_count_raw":"5 terjual",
    "sold_count_clean":5.0,
    "product_url":"https:\/\/www.tokopedia.com\/archive-irmansyah-1665706683\/raina-organic-coconut-sugar-gula-kelapa-asli?extParam=ivf%3Dfalse%26keyword%3Dcoconut+sugar%26src%3Dsearch",
    "search_query":"coconut sugar",
    "weight_kg":null,
    "price_per_kg":null,
    "0":"lain",
    "1":"umum"
  },
  {
    "_id":{
      "$oid":"684908867013c07662ad8d2a"
    },
    "timestamp_scrape":"2025-06-11T11:29:02.098683",
    "ecommerce":"Tokopedia",
    "product_name":"Organic Coconut Sugar Gula Kelapa MPASI Alami BB Booster",
    "price_raw":"Rp4.960",
    "price_clean":4960.0,
    "shop_name":"Nikunikustore",
    "location":"Lokasi tidak tersedia",
    "sold_count_raw":"0 terjual",
    "sold_count_clean":0.0,
    "product_url":"https:\/\/www.tokopedia.com\/nikunikustore-1\/organic-coconut-sugar-gula-kelapa-mpasi-alami-bb-booster-gula-kelapa-e0695?extParam=ivf%3Dfalse%26keyword%3Dcoconut+sugar%26src%3Dsearch",
    "search_query":"coconut sugar",
    "weight_kg":null,
    "price_per_kg":null,
    "0":"lain",
    "1":"umum"
  },
  {
    "_id":{
      "$oid":"684908867013c07662ad8d2b"
    },
    "timestamp_scrape":"2025-06-11T11:29:02.692518",
    "ecommerce":"Tokopedia",
    "product_name":"Organic Coconut Sugar 1 KG, Gula Kelapa Organik 1 KG, Gula Semut 1 KG",
    "price_raw":"Rp49.000",
    "price_clean":49000.0,
    "shop_name":"Meat Party Supplier",
    "location":"Lokasi tidak tersedia",
    "sold_count_raw":"8 terjual",
    "sold_count_clean":8.0,
    "product_url":"https:\/\/www.tokopedia.com\/minyakgorengkelapa\/organic-coconut-sugar-1-kg-gula-kelapa-organik-1-kg-gula-semut-1-kg?extParam=ivf%3Dfalse%26keyword%3Dcoconut+sugar%26src%3Dsearch",
    "search_query":"coconut sugar",
    "weight_kg":1.0,
    "price_per_kg":49000.0,
    "0":"lain",
    "1":"umum"
  },
  {
    "_id":{
      "$oid":"684908867013c07662ad8d2c"
    },
    "timestamp_scrape":"2025-06-11T11:29:03.930924",
    "ecommerce":"Tokopedia",
    "product_name":"Brown Sugar Sachet \/ Coconut Sugar Sachet \/ Gula Kelapa Organik Bentala",
    "price_raw":"Rp29.900",
    "price_clean":29900.0,
    "shop_name":"TemporaryBooks",
    "location":"Lokasi tidak tersedia",
    "sold_count_raw":"0 terjual",
    "sold_count_clean":0.0,
    "product_url":"https:\/\/www.tokopedia.com\/temporarybooks\/brown-sugar-sachet-coconut-sugar-sachet-gula-kelapa-organik-bentala?extParam=ivf%3Dfalse%26keyword%3Dcoconut+sugar%26src%3Dsearch",
    "search_query":"coconut sugar",
    "weight_kg":null,
    "price_per_kg":null,
    "0":"lain",
    "1":"umum"
  },
  {
    "_id":{
      "$oid":"684908867013c07662ad8d2d"
    },
    "timestamp_scrape":"2025-06-11T11:29:05.242075",
    "ecommerce":"Tokopedia",
    "product_name":"Singabera coconut sugar organic 454",
    "price_raw":"Rp67.500",
    "price_clean":67500.0,
    "shop_name":"Makmur Market MH",
    "location":"Lokasi tidak tersedia",
    "sold_count_raw":"0 terjual",
    "sold_count_clean":0.0,
    "product_url":"https:\/\/www.tokopedia.com\/makmur-market-mh\/singabera-coconut-sugar-organic-454?extParam=ivf%3Dfalse%26keyword%3Dcoconut+sugar%26src%3Dsearch",
    "search_query":"coconut sugar",
    "weight_kg":null,
    "price_per_kg":null,
    "0":"lain",
    "1":"umum"
  },
  {
    "_id":{
      "$oid":"684908867013c07662ad8d31"
    },
    "timestamp_scrape":"2025-06-11T11:29:39.957475",
    "ecommerce":"Tokopedia",
    "product_name":"Bogutti No Sugar Cookies With Coconut 135gram",
    "price_raw":"Rp59.900",
    "price_clean":59900.0,
    "shop_name":"warung Lutfhi",
    "location":"Lokasi tidak tersedia",
    "sold_count_raw":"70+ terjual",
    "sold_count_clean":70.0,
    "product_url":"https:\/\/www.tokopedia.com\/archive-tokopepediaslsto\/bogutti-no-sugar-cookies-with-coconut-135gram?extParam=ivf%3Dfalse%26keyword%3Dcoconut+sugar%26src%3Dsearch",
    "search_query":"coconut sugar",
    "weight_kg":0.135,
    "price_per_kg":443703.7037037036,
    "0":"lain",
    "1":"organik"
  },
  {
    "_id":{
      "$oid":"684908867013c07662ad8d32"
    },
    "timestamp_scrape":"2025-06-11T11:29:40.549143",
    "ecommerce":"Tokopedia",
    "product_name":"Ins Hamster Coconut Shell Hanging Hammock Nest Bed Hideout with Stand Cage Accessories for Small Animals Golden Bear Sugar Glider",
    "price_raw":"Rp697.000",
    "price_clean":697000.0,
    "shop_name":"Feline Trush",
    "location":"Lokasi tidak tersedia",
    "sold_count_raw":"4 terjual",
    "sold_count_clean":4.0,
    "product_url":"https:\/\/www.tokopedia.com\/felinet\/ins-hamster-coconut-shell-hanging-hammock-nest-bed-hideout-with-stand-cage-accessories-for-small-animals-golden-bear-sugar-glider-1731134902698476903?extParam=ivf%3Dfalse%26keyword%3Dcoconut+sugar%26src%3Dsearch",
    "search_query":"coconut sugar",
    "weight_kg":null,
    "price_per_kg":null,
    "0":"lain",
    "1":"umum"
  },
  {
    "_id":{
      "$oid":"684908867013c07662ad8d34"
    },
    "timestamp_scrape":"2025-06-11T11:29:41.741199",
    "ecommerce":"Tokopedia",
    "product_name":"Robco Coconut Sugar gula kelapa 250gr",
    "price_raw":"Rp49.000",
    "price_clean":49000.0,
    "shop_name":"yelisa",
    "location":"Lokasi tidak tersedia",
    "sold_count_raw":"1 terjual",
    "sold_count_clean":1.0,
    "product_url":"https:\/\/www.tokopedia.com\/yelisa\/robco-coconut-sugar-gula-kelapa-250gr?extParam=ivf%3Dfalse%26keyword%3Dcoconut+sugar%26src%3Dsearch",
    "search_query":"coconut sugar",
    "weight_kg":0.25,
    "price_per_kg":196000.0,
    "0":"lain",
    "1":"umum"
  },
  {
    "_id":{
      "$oid":"684908867013c07662ad8d35"
    },
    "timestamp_scrape":"2025-06-11T11:29:42.334080",
    "ecommerce":"Tokopedia",
    "product_name":"Roasted Cacao Nibs with coconut sugar \/ Sweet Cacao nibs 500 gram",
    "price_raw":"Rp170.000",
    "price_clean":170000.0,
    "shop_name":"Seduh Tea & Tisane",
    "location":"Lokasi tidak tersedia",
    "sold_count_raw":"1 terjual",
    "sold_count_clean":1.0,
    "product_url":"https:\/\/www.tokopedia.com\/seduhtisane\/roasted-cacao-nibs-with-coconut-sugar-sweet-cacao-nibs-500-gram-1730795590094128732?extParam=ivf%3Dfalse%26keyword%3Dcoconut+sugar%26src%3Dsearch",
    "search_query":"coconut sugar",
    "weight_kg":0.5,
    "price_per_kg":340000.0,
    "0":"bubuk",
    "1":"organik"
  },
  {
    "_id":{
      "$oid":"684908867013c07662ad8d37"
    },
    "timestamp_scrape":"2025-06-11T11:29:43.518935",
    "ecommerce":"Tokopedia",
    "product_name":"Kunyit Putih Instan Dejava Kunyit Putih Bubuk Minuman Jamu Tradisional Sari Kunyit Putih Tanpa Ampas Gula Putih Gula Kelapa Coconut Sugar 100 gram",
    "price_raw":"Rp21.000",
    "price_clean":21000.0,
    "shop_name":"Alwayshipping",
    "location":"Lokasi tidak tersedia",
    "sold_count_raw":"3 terjual",
    "sold_count_clean":3.0,
    "product_url":"https:\/\/www.tokopedia.com\/alwayshipping\/kunyit-putih-instan-dejava-kunyit-putih-bubuk-minuman-jamu-tradisional-sari-kunyit-putih-tanpa-ampas-gula-putih-gula-kelapa-coconut-sugar-100-gram?extParam=ivf%3Dfalse%26keyword%3Dcoconut+sugar%26src%3Dsearch",
    "search_query":"coconut sugar",
    "weight_kg":0.1,
    "price_per_kg":210000.0,
    "0":"lain",
    "1":"umum"
  },
  {
    "_id":{
      "$oid":"684908867013c07662ad8d38"
    },
    "timestamp_scrape":"2025-06-11T11:29:44.105465",
    "ecommerce":"Tokopedia",
    "product_name":"SMB Sodium Metabisulfite-sodium Metabisulfite Food Grade-brown Sugar Preservative-coconut Whitening",
    "price_raw":"Rp63.000",
    "price_clean":63000.0,
    "shop_name":"Miselpons",
    "location":"Lokasi tidak tersedia",
    "sold_count_raw":"2 terjual",
    "sold_count_clean":2.0,
    "product_url":"https:\/\/www.tokopedia.com\/miselpons\/smb-sodium-metabisulfite-sodium-metabisulfite-food-grade-brown-sugar-preservative-coconut-whitening?extParam=ivf%3Dfalse%26keyword%3Dcoconut+sugar%26src%3Dsearch",
    "search_query":"coconut sugar",
    "weight_kg":null,
    "price_per_kg":null,
    "0":"lain",
    "1":"umum"
  },
  {
    "_id":{
      "$oid":"684908867013c07662ad8d39"
    },
    "timestamp_scrape":"2025-06-11T11:29:44.699461",
    "ecommerce":"Tokopedia",
    "product_name":"Madhava Natural Sweeteners Organic Coconut Sugar Unrefined (454 g)",
    "price_raw":"Rp351.055",
    "price_clean":351055.0,
    "shop_name":"Dferdi1",
    "location":"Lokasi tidak tersedia",
    "sold_count_raw":"3 terjual",
    "sold_count_clean":3.0,
    "product_url":"https:\/\/www.tokopedia.com\/dferdi1\/madhava-natural-sweeteners-organic-coconut-sugar-unrefined-454-g?extParam=ivf%3Dfalse%26keyword%3Dcoconut+sugar%26src%3Dsearch",
    "search_query":"coconut sugar",
    "weight_kg":0.454,
    "price_per_kg":773248.8986784141,
    "0":"bubuk",
    "1":"umum"
  },
  {
    "_id":{
      "$oid":"684908867013c07662ad8d3a"
    },
    "timestamp_scrape":"2025-06-11T11:29:45.287579",
    "ecommerce":"Tokopedia",
    "product_name":"NUCIFERA White Coconut Sugar 1.000 gr",
    "price_raw":"Rp70.000",
    "price_clean":70000.0,
    "shop_name":"nucifera-id",
    "location":"Lokasi tidak tersedia",
    "sold_count_raw":"18 terjual",
    "sold_count_clean":18.0,
    "product_url":"https:\/\/www.tokopedia.com\/nucifera-id\/nucifera-white-coconut-sugar-1-000-gr?extParam=ivf%3Dfalse%26keyword%3Dcoconut+sugar%26src%3Dsearch",
    "search_query":"coconut sugar",
    "weight_kg":0.001,
    "price_per_kg":70000000.0,
    "0":"bubuk",
    "1":"umum"
  },
  {
    "_id":{
      "$oid":"684908867013c07662ad8d3b"
    },
    "timestamp_scrape":"2025-06-11T11:29:45.874139",
    "ecommerce":"Tokopedia",
    "product_name":"Gula kelapa kristal organik (crystalized organic coconut sugar) 100GRM",
    "price_raw":"Rp5.750",
    "price_clean":5750.0,
    "shop_name":"Bima CCTV",
    "location":"Lokasi tidak tersedia",
    "sold_count_raw":"4 terjual",
    "sold_count_clean":4.0,
    "product_url":"https:\/\/www.tokopedia.com\/bimacctv\/gula-kelapa-kristal-organik-crystalized-organic-coconut-sugar-100grm?extParam=ivf%3Dfalse%26keyword%3Dcoconut+sugar%26src%3Dsearch",
    "search_query":"coconut sugar",
    "weight_kg":0.1,
    "price_per_kg":57500.0,
    "0":"lain",
    "1":"umum"
  },
  {
    "_id":{
      "$oid":"684908867013c07662ad8d3c"
    },
    "timestamp_scrape":"2025-06-11T11:29:46.461217",
    "ecommerce":"Tokopedia",
    "product_name":"YG4 Singabera Organic Coconut Sugar | Gula Kelapa Organik 40 Sachet",
    "price_raw":"Rp36.000",
    "price_clean":36000.0,
    "shop_name":"LESI FUNDINI475",
    "location":"Lokasi tidak tersedia",
    "sold_count_raw":"4 terjual",
    "sold_count_clean":4.0,
    "product_url":"https:\/\/www.tokopedia.com\/lesifundini475\/yg4-singabera-organic-coconut-sugar-gula-kelapa-organik-40-sachet?extParam=ivf%3Dfalse%26keyword%3Dcoconut+sugar%26src%3Dsearch",
    "search_query":"coconut sugar",
    "weight_kg":null,
    "price_per_kg":null,
    "0":"lain",
    "1":"umum"
  },
  {
    "_id":{
      "$oid":"684908867013c07662ad8d3d"
    },
    "timestamp_scrape":"2025-06-11T11:29:47.780800",
    "ecommerce":"Tokopedia",
    "product_name":"PROMO!!! SARANG HAMSTER BATOK KELAPA COCONUT NATURAL HIDING CAVE SARANG RUMAH MAINAN HAMSTER SUGAR GLIDER GECKO SARANG BURUNG LOVEBIRD PARKIT GLHMS",
    "price_raw":"Rp15.000",
    "price_clean":15000.0,
    "shop_name":"Mosvi Terpercaya",
    "location":"Lokasi tidak tersedia",
    "sold_count_raw":"0 terjual",
    "sold_count_clean":0.0,
    "product_url":"https:\/\/www.tokopedia.com\/mosvi-terpercaya\/promo-sarang-hamster-batok-kelapa-coconut-natural-hiding-cave-sarang-rumah-mainan-hamster-sugar-glider-gecko-sarang-burung-lovebird-parkit-glhms-1730821429842642582?extParam=ivf%3Dfalse%26keyword%3Dcoconut+sugar%26src%3Dsearch",
    "search_query":"coconut sugar",
    "weight_kg":null,
    "price_per_kg":null,
    "0":"lain",
    "1":"organik"
  },
  {
    "_id":{
      "$oid":"684908867013c07662ad8d41"
    },
    "timestamp_scrape":"2025-06-11T11:30:14.383926",
    "ecommerce":"Tokopedia",
    "product_name":"Straits Preserves Peaconut Butter Gula Melaka Coconut Sugar 210G",
    "price_raw":"Rp331.450",
    "price_clean":331450.0,
    "shop_name":"Sophia shops2",
    "location":"Lokasi tidak tersedia",
    "sold_count_raw":"30+ terjual",
    "sold_count_clean":30.0,
    "product_url":"https:\/\/www.tokopedia.com\/sshops2-1\/straits-preserves-peaconut-butter-gula-melaka-coconut-sugar-210g?extParam=ivf%3Dfalse%26keyword%3Dcoconut+sugar%26src%3Dsearch",
    "search_query":"coconut sugar",
    "weight_kg":0.21,
    "price_per_kg":1578333.3333333335,
    "0":"lain",
    "1":"umum"
  },
  {
    "_id":{
      "$oid":"684908867013c07662ad8d42"
    },
    "timestamp_scrape":"2025-06-11T11:30:14.978030",
    "ecommerce":"Tokopedia",
    "product_name":"Madhava Organic Coconut Sugar unrefined 454 gram USA",
    "price_raw":"Rp245.000",
    "price_clean":245000.0,
    "shop_name":"Barang Brilian Shop",
    "location":"Lokasi tidak tersedia",
    "sold_count_raw":"2 terjual",
    "sold_count_clean":2.0,
    "product_url":"https:\/\/www.tokopedia.com\/barangbrilian\/madhava-organic-coconut-sugar-unrefined-454-gram-usa?extParam=ivf%3Dfalse%26keyword%3Dcoconut+sugar%26src%3Dsearch",
    "search_query":"coconut sugar",
    "weight_kg":0.454,
    "price_per_kg":539647.577092511,
    "0":"lain",
    "1":"umum"
  },
  {
    "_id":{
      "$oid":"684908867013c07662ad8d43"
    },
    "timestamp_scrape":"2025-06-11T11:30:15.567657",
    "ecommerce":"Tokopedia",
    "product_name":"Javara Crystal Coconut Sugar Cinnamon 250gr - Gula Kelapa Organik",
    "price_raw":"Rp49.000",
    "price_clean":49000.0,
    "shop_name":"Eplinnia Shop",
    "location":"Lokasi tidak tersedia",
    "sold_count_raw":"1 terjual",
    "sold_count_clean":1.0,
    "product_url":"https:\/\/www.tokopedia.com\/eplinnia\/javara-crystal-coconut-sugar-cinnamon-250gr-gula-kelapa-organik?extParam=ivf%3Dfalse%26keyword%3Dcoconut+sugar%26src%3Dsearch",
    "search_query":"coconut sugar",
    "weight_kg":0.25,
    "price_per_kg":196000.0,
    "0":"bubuk",
    "1":"organik"
  },
  {
    "_id":{
      "$oid":"684908867013c07662ad8d44"
    },
    "timestamp_scrape":"2025-06-11T11:30:16.159660",
    "ecommerce":"Tokopedia",
    "product_name":"Gula Kelapa Bubuk Organik Hasea 1KG - Organic Coconut Sugar Hasea 1KG",
    "price_raw":"Rp35.000",
    "price_clean":35000.0,
    "shop_name":"Kebun Gula Organik_NEW",
    "location":"Lokasi tidak tersedia",
    "sold_count_raw":"10 terjual",
    "sold_count_clean":10.0,
    "product_url":"https:\/\/www.tokopedia.com\/ladanggulaorganik\/gula-kelapa-bubuk-organik-hasea-1kg-organic-coconut-sugar-hasea-1kg-1729981431416784369?extParam=ivf%3Dfalse%26keyword%3Dcoconut+sugar%26src%3Dsearch",
    "search_query":"coconut sugar",
    "weight_kg":1.0,
    "price_per_kg":35000.0,
    "0":"bubuk",
    "1":"organik"
  },
  {
    "_id":{
      "$oid":"684908867013c07662ad8d45"
    },
    "timestamp_scrape":"2025-06-11T11:30:16.750870",
    "ecommerce":"Tokopedia",
    "product_name":"Organic Center, Coconut Sugar 250gr",
    "price_raw":"Rp30.000",
    "price_clean":30000.0,
    "shop_name":"Nourish Indonesia BSD Tangerang Selatan",
    "location":"Lokasi tidak tersedia",
    "sold_count_raw":"2 terjual",
    "sold_count_clean":2.0,
    "product_url":"https:\/\/www.tokopedia.com\/nourishindonesiabsd\/organic-center-coconut-sugar-250gr?extParam=ivf%3Dfalse%26keyword%3Dcoconut+sugar%26src%3Dsearch",
    "search_query":"coconut sugar",
    "weight_kg":0.25,
    "price_per_kg":120000.0,
    "0":"lain",
    "1":"umum"
  },
  {
    "_id":{
      "$oid":"684908867013c07662ad8d46"
    },
    "timestamp_scrape":"2025-06-11T11:30:17.341839",
    "ecommerce":"Tokopedia",
    "product_name":"Organic Coconut Sugar Singabera 100 Stick Gula Kelapa Organik Kristal",
    "price_raw":"Rp630",
    "price_clean":630.0,
    "shop_name":"Agra Pangan Sulawesi",
    "location":"Lokasi tidak tersedia",
    "sold_count_raw":"500+ terjual",
    "sold_count_clean":500.0,
    "product_url":"https:\/\/www.tokopedia.com\/agrapangan\/organic-coconut-sugar-singabera-100-stick-gula-kelapa-organik-kristal?extParam=ivf%3Dfalse%26keyword%3Dcoconut+sugar%26src%3Dsearch",
    "search_query":"coconut sugar",
    "weight_kg":null,
    "price_per_kg":null,
    "0":"lain",
    "1":"organik"
  },
  {
    "_id":{
      "$oid":"684908867013c07662ad8d47"
    },
    "timestamp_scrape":"2025-06-11T11:30:17.931948",
    "ecommerce":"Tokopedia",
    "product_name":"Realsa Organic Ginger Coconut Sugar 1 kg - Gula Aren Jahe",
    "price_raw":"Rp198.000",
    "price_clean":198000.0,
    "shop_name":"moms bumbu",
    "location":"Lokasi tidak tersedia",
    "sold_count_raw":"6 terjual",
    "sold_count_clean":6.0,
    "product_url":"https:\/\/www.tokopedia.com\/momsb\/realsa-organic-ginger-coconut-sugar-1-kg-gula-aren-jahe?extParam=ivf%3Dfalse%26keyword%3Dcoconut+sugar%26src%3Dsearch",
    "search_query":"coconut sugar",
    "weight_kg":1.0,
    "price_per_kg":198000.0,
    "0":"bubuk",
    "1":"umum"
  },
  {
    "_id":{
      "$oid":"684908867013c07662ad8d48"
    },
    "timestamp_scrape":"2025-06-11T11:30:18.529045",
    "ecommerce":"Tokopedia",
    "product_name":"JAVARA Organic Moulded Coconut Sugar \/ Gula Jawa Organik 250gr",
    "price_raw":"Rp39.500",
    "price_clean":39500.0,
    "shop_name":"Shoman Shop",
    "location":"Lokasi tidak tersedia",
    "sold_count_raw":"5 terjual",
    "sold_count_clean":5.0,
    "product_url":"https:\/\/www.tokopedia.com\/shoman\/javara-organic-moulded-coconut-sugar-gula-jawa-organik-250gr?extParam=ivf%3Dfalse%26keyword%3Dcoconut+sugar%26src%3Dsearch",
    "search_query":"coconut sugar",
    "weight_kg":0.25,
    "price_per_kg":158000.0,
    "0":"lain",
    "1":"umum"
  },
  {
    "_id":{
      "$oid":"684908867013c07662ad8d49"
    },
    "timestamp_scrape":"2025-06-11T11:30:19.130906",
    "ecommerce":"Tokopedia",
    "product_name":"malee coconut water no sugar 330ml",
    "price_raw":"Rp46.900",
    "price_clean":46900.0,
    "shop_name":"PHM LB",
    "location":"Lokasi tidak tersedia",
    "sold_count_raw":"30+ terjual",
    "sold_count_clean":30.0,
    "product_url":"https:\/\/www.tokopedia.com\/phmlb\/malee-coconut-water-no-sugar-330ml?extParam=ivf%3Dfalse%26keyword%3Dcoconut+sugar%26src%3Dsearch",
    "search_query":"coconut sugar",
    "weight_kg":0.33,
    "price_per_kg":142121.2121212121,
    "0":"lain",
    "1":"umum"
  },
  {
    "_id":{
      "$oid":"684908867013c07662ad8d4a"
    },
    "timestamp_scrape":"2025-06-11T11:30:19.724131",
    "ecommerce":"Tokopedia",
    "product_name":"ORGANIK COCONUT SUGAR PREMIUM 10KG",
    "price_raw":"Rp550.000",
    "price_clean":550000.0,
    "shop_name":"GULACOCOOFFICIAL",
    "location":"Lokasi tidak tersedia",
    "sold_count_raw":"13 terjual",
    "sold_count_clean":13.0,
    "product_url":"https:\/\/www.tokopedia.com\/gulacocoofficial\/organik-coconut-sugar-premium-10kg?extParam=ivf%3Dfalse%26keyword%3Dcoconut+sugar%26src%3Dsearch",
    "search_query":"coconut sugar",
    "weight_kg":10.0,
    "price_per_kg":55000.0,
    "0":"lain",
    "1":"umum"
  },
  {
    "_id":{
      "$oid":"684908867013c07662ad8d4b"
    },
    "timestamp_scrape":"2025-06-11T11:30:20.313727",
    "ecommerce":"Tokopedia",
    "product_name":"Red Bull Coconut And Berry Sugar Free Energy Drink (250ml) Ready stock",
    "price_raw":"Rp63.000",
    "price_clean":63000.0,
    "shop_name":"BabakiwiTwo",
    "location":"Lokasi tidak tersedia",
    "sold_count_raw":"15 terjual",
    "sold_count_clean":15.0,
    "product_url":"https:\/\/www.tokopedia.com\/babakiwit\/red-bull-coconut-and-berry-sugar-free-energy-drink-250ml-ready-stock?extParam=ivf%3Dfalse%26keyword%3Dcoconut+sugar%26src%3Dsearch",
    "search_query":"coconut sugar",
    "weight_kg":0.25,
    "price_per_kg":252000.0,
    "0":"lain",
    "1":"umum"
  },
  {
    "_id":{
      "$oid":"684908867013c07662ad8d4e"
    },
    "timestamp_scrape":"2025-06-11T11:30:48.968719",
    "ecommerce":"Tokopedia",
    "product_name":"Adana Gula Semut\/ Brown Sugar\/Coconut\/Nira Kelapa Ekonomis Murah 250 g",
    "price_raw":"Rp11.300",
    "price_clean":11300.0,
    "shop_name":"adana store jogja",
    "location":"Lokasi tidak tersedia",
    "sold_count_raw":"22 terjual",
    "sold_count_clean":22.0,
    "product_url":"https:\/\/www.tokopedia.com\/adana-store\/adana-gula-semut-brown-sugar-coconut-nira-kelapa-ekonomis-murah-250-g-nylon-250-g-original-kelapa?extParam=ivf%3Dfalse%26keyword%3Dcoconut+sugar%26src%3Dsearch",
    "search_query":"coconut sugar",
    "weight_kg":0.25,
    "price_per_kg":45200.0,
    "0":"lain",
    "1":"umum"
  },
  {
    "_id":{
      "$oid":"684908867013c07662ad8d4f"
    },
    "timestamp_scrape":"2025-06-11T11:30:49.562364",
    "ecommerce":"Tokopedia",
    "product_name":"Organic Golden Coconut Sugar 500Gr \/ Gula Kelapa Organik Golden 500gr",
    "price_raw":"Rp29.900",
    "price_clean":29900.0,
    "shop_name":"Kilo Natural",
    "location":"Lokasi tidak tersedia",
    "sold_count_raw":"15 terjual",
    "sold_count_clean":15.0,
    "product_url":"https:\/\/www.tokopedia.com\/kilonatural\/organic-golden-coconut-sugar-500gr-gula-kelapa-organik-golden-500gr?extParam=ivf%3Dfalse%26keyword%3Dcoconut+sugar%26src%3Dsearch",
    "search_query":"coconut sugar",
    "weight_kg":0.5,
    "price_per_kg":59800.0,
    "0":"lain",
    "1":"organik"
  },
  {
    "_id":{
      "$oid":"684908867013c07662ad8d51"
    },
    "timestamp_scrape":"2025-06-11T11:30:50.745995",
    "ecommerce":"Tokopedia",
    "product_name":"OWL WHITE COFFEE TARIK 3 IN 1 COCONUT SUGAR KOPI MALAYSIA",
    "price_raw":"Rp149.900",
    "price_clean":149900.0,
    "shop_name":"Cafe Gochil",
    "location":"Lokasi tidak tersedia",
    "sold_count_raw":"2 terjual",
    "sold_count_clean":2.0,
    "product_url":"https:\/\/www.tokopedia.com\/cafegochil\/owl-white-coffee-tarik-3-in-1-coconut-sugar-kopi-malaysia?extParam=ivf%3Dfalse%26keyword%3Dcoconut+sugar%26src%3Dsearch",
    "search_query":"coconut sugar",
    "weight_kg":null,
    "price_per_kg":null,
    "0":"lain",
    "1":"umum"
  },
  {
    "_id":{
      "$oid":"684908867013c07662ad8d52"
    },
    "timestamp_scrape":"2025-06-11T11:30:51.336400",
    "ecommerce":"Tokopedia",
    "product_name":"100gr Coconut Sugar \/ Gula Kelapa \/ Gula Semut [PREMIUM]",
    "price_raw":"Rp18.000",
    "price_clean":18000.0,
    "shop_name":"revanilariani677",
    "location":"Lokasi tidak tersedia",
    "sold_count_raw":"100+ terjual",
    "sold_count_clean":100.0,
    "product_url":"https:\/\/www.tokopedia.com\/revanilariani677\/100gr-coconut-sugar-gula-kelapa-gula-semut-premium?extParam=ivf%3Dfalse%26keyword%3Dcoconut+sugar%26src%3Dsearch",
    "search_query":"coconut sugar",
    "weight_kg":0.1,
    "price_per_kg":180000.0,
    "0":"lain",
    "1":"organik"
  },
  {
    "_id":{
      "$oid":"684908867013c07662ad8d54"
    },
    "timestamp_scrape":"2025-06-11T11:30:52.521308",
    "ecommerce":"Tokopedia",
    "product_name":"Edelweiss Coconut Sugar",
    "price_raw":"Rp39.100",
    "price_clean":39100.0,
    "shop_name":"Edelweiss Rempah Indo",
    "location":"Lokasi tidak tersedia",
    "sold_count_raw":"30+ terjual",
    "sold_count_clean":30.0,
    "product_url":"https:\/\/www.tokopedia.com\/edelweissrempahindo\/edelweiss-coconut-sugar?extParam=ivf%3Dfalse%26keyword%3Dcoconut+sugar%26src%3Dsearch",
    "search_query":"coconut sugar",
    "weight_kg":null,
    "price_per_kg":null,
    "0":"lain",
    "1":"umum"
  },
  {
    "_id":{
      "$oid":"684908867013c07662ad8d55"
    },
    "timestamp_scrape":"2025-06-11T11:30:53.113249",
    "ecommerce":"Tokopedia",
    "product_name":"PUREELAND ORGANIC COCONUT SUGAR \/ GULA KELAPA ORGANIK \/ MENDUKUNG",
    "price_raw":"Rp48.725",
    "price_clean":48725.0,
    "shop_name":"mestikatrendy",
    "location":"Lokasi tidak tersedia",
    "sold_count_raw":"10 terjual",
    "sold_count_clean":10.0,
    "product_url":"https:\/\/www.tokopedia.com\/mestikatrendy\/pureeland-organic-coconut-sugar-gula-kelapa-organik-mendukung-sugar-cube-can-6890c?extParam=ivf%3Dfalse%26keyword%3Dcoconut+sugar%26src%3Dsearch",
    "search_query":"coconut sugar",
    "weight_kg":null,
    "price_per_kg":null,
    "0":"cair",
    "1":"umum"
  },
  {
    "_id":{
      "$oid":"684908867013c07662ad8d56"
    },
    "timestamp_scrape":"2025-06-11T11:30:53.703072",
    "ecommerce":"Tokopedia",
    "product_name":"House Of Organix Empon Empon + Coconut Sugar 200 Gr",
    "price_raw":"Rp38.000",
    "price_clean":38000.0,
    "shop_name":"Sima Lestari",
    "location":"Lokasi tidak tersedia",
    "sold_count_raw":"2 terjual",
    "sold_count_clean":2.0,
    "product_url":"https:\/\/www.tokopedia.com\/sima-lestari\/house-of-organix-empon-empon-coconut-sugar-200-gr?extParam=ivf%3Dfalse%26keyword%3Dcoconut+sugar%26src%3Dsearch",
    "search_query":"coconut sugar",
    "weight_kg":0.2,
    "price_per_kg":190000.0,
    "0":"lain",
    "1":"umum"
  },
  {
    "_id":{
      "$oid":"684908867013c07662ad8d57"
    },
    "timestamp_scrape":"2025-06-11T11:30:54.983200",
    "ecommerce":"Tokopedia",
    "product_name":"Terbagus Palmsuiker Prima Merah 250gr \/ Palm Sugar \/ Coconut Sugar",
    "price_raw":"Rp30.600",
    "price_clean":30600.0,
    "shop_name":"sweet_pie",
    "location":"Lokasi tidak tersedia",
    "sold_count_raw":"0 terjual",
    "sold_count_clean":0.0,
    "product_url":"https:\/\/www.tokopedia.com\/sweetpie\/terbagus-palmsuiker-prima-merah-250gr-palm-sugar-coconut-sugar-1731324378398229689?extParam=ivf%3Dfalse%26keyword%3Dcoconut+sugar%26src%3Dsearch",
    "search_query":"coconut sugar",
    "weight_kg":0.25,
    "price_per_kg":122400.0,
    "0":"lain",
    "1":"umum"
  },
  {
    "_id":{
      "$oid":"684908867013c07662ad8d58"
    },
    "timestamp_scrape":"2025-06-11T11:30:56.172905",
    "ecommerce":"Tokopedia",
    "product_name":"Virgin Coconut Oil Sugar Glider - Bulu Berkilau",
    "price_raw":"Rp25.000",
    "price_clean":25000.0,
    "shop_name":"Whisktopia",
    "location":"Lokasi tidak tersedia",
    "sold_count_raw":"0 terjual",
    "sold_count_clean":0.0,
    "product_url":"https:\/\/www.tokopedia.com\/whisktopia\/virgin-coconut-oil-sugar-glider-bulu-berkilau?extParam=ivf%3Dfalse%26keyword%3Dcoconut+sugar%26src%3Dsearch",
    "search_query":"coconut sugar",
    "weight_kg":null,
    "price_per_kg":null,
    "0":"lain",
    "1":"umum"
  },
  {
    "_id":{
      "$oid":"684908867013c07662ad8d59"
    },
    "timestamp_scrape":"2025-06-11T11:30:57.395660",
    "ecommerce":"Tokopedia",
    "product_name":"READYY! Realsa Organic Spices Mix Coconut Sugar 1 kg - Gula Aren Rempah",
    "price_raw":"Rp204.000",
    "price_clean":204000.0,
    "shop_name":"semoga cairr",
    "location":"Lokasi tidak tersedia",
    "sold_count_raw":"0 terjual",
    "sold_count_clean":0.0,
    "product_url":"https:\/\/www.tokopedia.com\/semogacairr\/readyy-realsa-organic-spices-mix-coconut-sugar-1-kg-gula-aren-rempah-1731171531923424372?extParam=ivf%3Dfalse%26keyword%3Dcoconut+sugar%26src%3Dsearch",
    "search_query":"coconut sugar",
    "weight_kg":1.0,
    "price_per_kg":204000.0,
    "0":"lain",
    "1":"umum"
  },
  {
    "_id":{
      "$oid":"684908867013c07662ad8d5a"
    },
    "timestamp_scrape":"2025-06-11T11:30:58.631775",
    "ecommerce":"Tokopedia",
    "product_name":"READY - 1kg Gula Kelapa \/ Coconut Sugar",
    "price_raw":"Rp54.000",
    "price_clean":54000.0,
    "shop_name":"TastyDelightss",
    "location":"Lokasi tidak tersedia",
    "sold_count_raw":"0 terjual",
    "sold_count_clean":0.0,
    "product_url":"https:\/\/www.tokopedia.com\/tastydelightss\/ready-1kg-gula-kelapa-coconut-sugar-1731321034218178024?extParam=ivf%3Dfalse%26keyword%3Dcoconut+sugar%26src%3Dsearch",
    "search_query":"coconut sugar",
    "weight_kg":1.0,
    "price_per_kg":54000.0,
    "0":"bubuk",
    "1":"umum"
  },
  {
    "_id":{
      "$oid":"684908867013c07662ad8d5e"
    },
    "timestamp_scrape":"2025-06-11T11:31:26.808274",
    "ecommerce":"Tokopedia",
    "product_name":"Tukuyuu Nucifera Organic Coconut Sugar Original 250Gr",
    "price_raw":"Rp30.500",
    "price_clean":30500.0,
    "shop_name":"tokotokoan90",
    "location":"Lokasi tidak tersedia",
    "sold_count_raw":"0 terjual",
    "sold_count_clean":0.0,
    "product_url":"https:\/\/www.tokopedia.com\/tokoasalan2006\/tukuyuu-nucifera-organic-coconut-sugar-original-250gr?extParam=ivf%3Dfalse%26keyword%3Dcoconut+sugar%26src%3Dsearch",
    "search_query":"coconut sugar",
    "weight_kg":0.25,
    "price_per_kg":122000.0,
    "0":"lain",
    "1":"umum"
  },
  {
    "_id":{
      "$oid":"684908867013c07662ad8d5f"
    },
    "timestamp_scrape":"2025-06-11T11:31:28.034905",
    "ecommerce":"Tokopedia",
    "product_name":"Coconut Brown Sugar Organic\/Diet Keto\/Gluten Free",
    "price_raw":"Rp45.000",
    "price_clean":45000.0,
    "shop_name":"microshopp_NEW",
    "location":"Lokasi tidak tersedia",
    "sold_count_raw":"0 terjual",
    "sold_count_clean":0.0,
    "product_url":"https:\/\/www.tokopedia.com\/microshop-2\/coconut-brown-sugar-organic-diet-keto-gluten-free?extParam=ivf%3Dfalse%26keyword%3Dcoconut+sugar%26src%3Dsearch",
    "search_query":"coconut sugar",
    "weight_kg":null,
    "price_per_kg":null,
    "0":"lain",
    "1":"organik"
  },
  {
    "_id":{
      "$oid":"684908867013c07662ad8d61"
    },
    "timestamp_scrape":"2025-06-11T11:31:29.857091",
    "ecommerce":"Tokopedia",
    "product_name":"B4y Greenara - Gula Kelapa 1Kg \/ Coconut Sugar",
    "price_raw":"Rp61.000",
    "price_clean":61000.0,
    "shop_name":"SETIA2095293",
    "location":"Lokasi tidak tersedia",
    "sold_count_raw":"0 terjual",
    "sold_count_clean":0.0,
    "product_url":"https:\/\/www.tokopedia.com\/setia2095293\/b4y-greenara-gula-kelapa-1kg-coconut-sugar?extParam=ivf%3Dfalse%26keyword%3Dcoconut+sugar%26src%3Dsearch",
    "search_query":"coconut sugar",
    "weight_kg":1.0,
    "price_per_kg":61000.0,
    "0":"bubuk",
    "1":"umum"
  },
  {
    "_id":{
      "$oid":"684908867013c07662ad8d62"
    },
    "timestamp_scrape":"2025-06-11T11:31:31.096751",
    "ecommerce":"Tokopedia",
    "product_name":"[Hlobuy] Ansell - coconut sugar gula kelapa 300 gr",
    "price_raw":"Rp26.300",
    "price_clean":26300.0,
    "shop_name":"Halobuy",
    "location":"Lokasi tidak tersedia",
    "sold_count_raw":"0 terjual",
    "sold_count_clean":0.0,
    "product_url":"https:\/\/www.tokopedia.com\/halobuy-1\/hlobuy-ansell-coconut-sugar-gula-kelapa-300-gr?extParam=ivf%3Dfalse%26keyword%3Dcoconut+sugar%26src%3Dsearch",
    "search_query":"coconut sugar",
    "weight_kg":0.3,
    "price_per_kg":87666.6666666667,
    "0":"lain",
    "1":"umum"
  },
  {
    "_id":{
      "$oid":"684908867013c07662ad8d64"
    },
    "timestamp_scrape":"2025-06-11T11:31:32.910537",
    "ecommerce":"Tokopedia",
    "product_name":"NUCIFERA- COCONUT WATER SAUCE LEE SUGAR 300ML",
    "price_raw":"Rp39.000",
    "price_clean":39000.0,
    "shop_name":"tempatmakansederhana",
    "location":"Lokasi tidak tersedia",
    "sold_count_raw":"0 terjual",
    "sold_count_clean":0.0,
    "product_url":"https:\/\/www.tokopedia.com\/tempatmakansederhan\/nucifera-coconut-water-sauce-lee-sugar-300ml-1730921920397608682?extParam=ivf%3Dfalse%26keyword%3Dcoconut+sugar%26src%3Dsearch",
    "search_query":"coconut sugar",
    "weight_kg":0.3,
    "price_per_kg":130000.0,
    "0":"lain",
    "1":"organik"
  },
  {
    "_id":{
      "$oid":"684908867013c07662ad8d65"
    },
    "timestamp_scrape":"2025-06-11T11:31:34.144290",
    "ecommerce":"Tokopedia",
    "product_name":"DRiPP Coconut Sugar Syrup - Sirup Rasa Gula Kelapa Beda Dari Sirup",
    "price_raw":"Rp148.000",
    "price_clean":148000.0,
    "shop_name":"wirnashopp",
    "location":"Lokasi tidak tersedia",
    "sold_count_raw":"0 terjual",
    "sold_count_clean":0.0,
    "product_url":"https:\/\/www.tokopedia.com\/wirnashopp-1\/dripp-coconut-sugar-syrup-sirup-rasa-gula-kelapa-beda-dari-sirup?extParam=ivf%3Dfalse%26keyword%3Dcoconut+sugar%26src%3Dsearch",
    "search_query":"coconut sugar",
    "weight_kg":null,
    "price_per_kg":null,
    "0":"lain",
    "1":"umum"
  },
  {
    "_id":{
      "$oid":"684908867013c07662ad8d66"
    },
    "timestamp_scrape":"2025-06-11T11:31:35.365319",
    "ecommerce":"Tokopedia",
    "product_name":"DRIPP SYRUP COCONUT SUGAR 760 ML - RASA COCONUT SUGAR 760 ML",
    "price_raw":"Rp157.000",
    "price_clean":157000.0,
    "shop_name":"nex glo",
    "location":"Lokasi tidak tersedia",
    "sold_count_raw":"0 terjual",
    "sold_count_clean":0.0,
    "product_url":"https:\/\/www.tokopedia.com\/nex-glo\/dripp-syrup-coconut-sugar-760-ml-rasa-coconut-sugar-760-ml-1731626082272970584?extParam=ivf%3Dfalse%26keyword%3Dcoconut+sugar%26src%3Dsearch",
    "search_query":"coconut sugar",
    "weight_kg":0.76,
    "price_per_kg":206578.947368421,
    "0":"lain",
    "1":"organik"
  },
  {
    "_id":{
      "$oid":"684908867013c07662ad8d67"
    },
    "timestamp_scrape":"2025-06-11T11:31:36.605715",
    "ecommerce":"Tokopedia",
    "product_name":"Pureeland Organic Coconut Sugar \/ Gula Kelapa Organik \/Mendukung Berat Badan Bayi \/Bumbu Masak MPASI",
    "price_raw":"Rp36.500",
    "price_clean":36500.0,
    "shop_name":"nurpat",
    "location":"Lokasi tidak tersedia",
    "sold_count_raw":"0 terjual",
    "sold_count_clean":0.0,
    "product_url":"https:\/\/www.tokopedia.com\/nurpat-1\/pureeland-organic-coconut-sugar-gula-kelapa-organik-mendukung-berat-badan-bayi-bumbu-masak-mpasi-1731397932133812089?extParam=ivf%3Dfalse%26keyword%3Dcoconut+sugar%26src%3Dsearch",
    "search_query":"coconut sugar",
    "weight_kg":null,
    "price_per_kg":null,
    "0":"bubuk",
    "1":"umum"
  },
  {
    "_id":{
      "$oid":"684908867013c07662ad8d68"
    },
    "timestamp_scrape":"2025-06-11T11:31:37.835571",
    "ecommerce":"Tokopedia",
    "product_name":"Yu Sugar - Gula Kelapa Organik (Organic Coconut Sugar) 250 gram",
    "price_raw":"Rp15.000",
    "price_clean":15000.0,
    "shop_name":"K1noy_NEW",
    "location":"Lokasi tidak tersedia",
    "sold_count_raw":"0 terjual",
    "sold_count_clean":0.0,
    "product_url":"https:\/\/www.tokopedia.com\/k1noy-6\/yu-sugar-gula-kelapa-organik-organic-coconut-sugar-250-gram?extParam=ivf%3Dfalse%26keyword%3Dcoconut+sugar%26src%3Dsearch",
    "search_query":"coconut sugar",
    "weight_kg":0.25,
    "price_per_kg":60000.0,
    "0":"lain",
    "1":"umum"
  },
  {
    "_id":{
      "$oid":"684908867013c07662ad8d69"
    },
    "timestamp_scrape":"2025-06-11T11:31:39.041265",
    "ecommerce":"Tokopedia",
    "product_name":"COCONUT SUGAR 50GR - GULA KELAPA ORGANIK - ORGANIC PALM COCONUT BROWN",
    "price_raw":"Rp12.000",
    "price_clean":12000.0,
    "shop_name":"JUNI BERKAH",
    "location":"Lokasi tidak tersedia",
    "sold_count_raw":"0 terjual",
    "sold_count_clean":0.0,
    "product_url":"https:\/\/www.tokopedia.com\/juniberk\/coconut-sugar-50gr-gula-kelapa-organik-organic-palm-coconut-brown-1731113107395609851?extParam=ivf%3Dfalse%26keyword%3Dcoconut+sugar%26src%3Dsearch",
    "search_query":"coconut sugar",
    "weight_kg":0.05,
    "price_per_kg":240000.0,
    "0":"lain",
    "1":"organik"
  },
  {
    "_id":{
      "$oid":"684908867013c07662ad8d6a"
    },
    "timestamp_scrape":"2025-06-11T11:31:40.261941",
    "ecommerce":"Tokopedia",
    "product_name":"Tukuyuu Organic White Coconut Sugar 250Gr",
    "price_raw":"Rp35.000",
    "price_clean":35000.0,
    "shop_name":"tokotokoan90",
    "location":"Lokasi tidak tersedia",
    "sold_count_raw":"0 terjual",
    "sold_count_clean":0.0,
    "product_url":"https:\/\/www.tokopedia.com\/tokoasalan2006\/tukuyuu-organic-white-coconut-sugar-250gr?extParam=ivf%3Dfalse%26keyword%3Dcoconut+sugar%26src%3Dsearch",
    "search_query":"coconut sugar",
    "weight_kg":0.25,
    "price_per_kg":140000.0,
    "0":"lain",
    "1":"organik"
  },
  {
    "_id":{
      "$oid":"684908867013c07662ad8d6c"
    },
    "timestamp_scrape":"2025-06-11T11:32:06.310892",
    "ecommerce":"Tokopedia",
    "product_name":"Choconola Natural Coconut Aminos 250ml - Kecap Asin Kelapa Natural",
    "price_raw":"Rp56.000",
    "price_clean":56000.0,
    "shop_name":"Choconola",
    "location":"Lokasi tidak tersedia",
    "sold_count_raw":"2 terjual",
    "sold_count_clean":2.0,
    "product_url":"https:\/\/www.tokopedia.com\/choconola\/choconola-natural-coconut-aminos-250ml-kecap-asin-kelapa-natural?extParam=ivf%3Dfalse%26keyword%3Dcoconut+sugar&src=topads",
    "search_query":"coconut sugar",
    "weight_kg":0.25,
    "price_per_kg":224000.0,
    "0":"bubuk",
    "1":"organik"
  },
  {
    "_id":{
      "$oid":"684908867013c07662ad8d6d"
    },
    "timestamp_scrape":"2025-06-11T11:32:07.516601",
    "ecommerce":"Tokopedia",
    "product_name":"250gr Coconut Sugar \/ Gula Kelapa \/ Gula Semut [PREMIUM]",
    "price_raw":"Rp30.000",
    "price_clean":30000.0,
    "shop_name":"revanilariani677",
    "location":"Lokasi tidak tersedia",
    "sold_count_raw":"0 terjual",
    "sold_count_clean":0.0,
    "product_url":"https:\/\/www.tokopedia.com\/revanilariani677\/250gr-coconut-sugar-gula-kelapa-gula-semut-premium?extParam=ivf%3Dfalse%26keyword%3Dcoconut+sugar%26src%3Dsearch",
    "search_query":"coconut sugar",
    "weight_kg":0.25,
    "price_per_kg":120000.0,
    "0":"lain",
    "1":"umum"
  },
  {
    "_id":{
      "$oid":"684908867013c07662ad8d6e"
    },
    "timestamp_scrape":"2025-06-11T11:32:08.790440",
    "ecommerce":"Tokopedia",
    "product_name":"(1000gram \/ 1kg) Gula Kelapa Organik \/ Orga Coconut Sugar \/ Gula Semut Kelapa",
    "price_raw":"Rp133.500",
    "price_clean":133500.0,
    "shop_name":"DJAMU SLAMET",
    "location":"Lokasi tidak tersedia",
    "sold_count_raw":"0 terjual",
    "sold_count_clean":0.0,
    "product_url":"https:\/\/www.tokopedia.com\/djamuslamet\/1000gram-1kg-gula-kelapa-organik-orga-coconut-sugar-gula-semut-kelapa-1731171957255014310?extParam=ivf%3Dfalse%26keyword%3Dcoconut+sugar%26src%3Dsearch",
    "search_query":"coconut sugar",
    "weight_kg":1.0,
    "price_per_kg":133500.0,
    "0":"bubuk",
    "1":"umum"
  },
  {
    "_id":{
      "$oid":"684908867013c07662ad8d6f"
    },
    "timestamp_scrape":"2025-06-11T11:32:10.021921",
    "ecommerce":"Tokopedia",
    "product_name":"KEM4RI. Gula Merah 250 gr Jawa Sugar Kawung Coconut Palm",
    "price_raw":"Rp6.000",
    "price_clean":6000.0,
    "shop_name":"DIYANLESATRI24",
    "location":"Lokasi tidak tersedia",
    "sold_count_raw":"0 terjual",
    "sold_count_clean":0.0,
    "product_url":"https:\/\/www.tokopedia.com\/diyanlesatri24\/kem4ri-gula-merah-250-gr-jawa-sugar-kawung-coconut-palm?extParam=ivf%3Dfalse%26keyword%3Dcoconut+sugar%26src%3Dsearch",
    "search_query":"coconut sugar",
    "weight_kg":0.25,
    "price_per_kg":24000.0,
    "0":"lain",
    "1":"umum"
  },
  {
    "_id":{
      "$oid":"684908867013c07662ad8d70"
    },
    "timestamp_scrape":"2025-06-11T11:32:11.242659",
    "ecommerce":"Tokopedia",
    "product_name":"(100 gram) Gula Kelapa Organik \/ Orga Coconut Sugar \/ Gula Semut Kelapa",
    "price_raw":"Rp26.500",
    "price_clean":26500.0,
    "shop_name":"DJAMU SLAMET",
    "location":"Lokasi tidak tersedia",
    "sold_count_raw":"0 terjual",
    "sold_count_clean":0.0,
    "product_url":"https:\/\/www.tokopedia.com\/djamuslamet\/100-gram-gula-kelapa-organik-orga-coconut-sugar-gula-semut-kelapa-1731155199614748582?extParam=ivf%3Dfalse%26keyword%3Dcoconut+sugar%26src%3Dsearch",
    "search_query":"coconut sugar",
    "weight_kg":0.1,
    "price_per_kg":265000.0,
    "0":"lain",
    "1":"umum"
  },
  {
    "_id":{
      "$oid":"684908867013c07662ad8d71"
    },
    "timestamp_scrape":"2025-06-11T11:32:12.482344",
    "ecommerce":"Tokopedia",
    "product_name":"FN7 Organic Coconut Sugar gram",
    "price_raw":"Rp32.000",
    "price_clean":32000.0,
    "shop_name":"wardipijostore",
    "location":"Lokasi tidak tersedia",
    "sold_count_raw":"0 terjual",
    "sold_count_clean":0.0,
    "product_url":"https:\/\/www.tokopedia.com\/warlu\/fn7-organic-coconut-sugar-gram?extParam=ivf%3Dfalse%26keyword%3Dcoconut+sugar%26src%3Dsearch",
    "search_query":"coconut sugar",
    "weight_kg":null,
    "price_per_kg":null,
    "0":"bubuk",
    "1":"organik"
  },
  {
    "_id":{
      "$oid":"684908867013c07662ad8d72"
    },
    "timestamp_scrape":"2025-06-11T11:32:13.733400",
    "ecommerce":"Tokopedia",
    "product_name":"Nucifera, Organic White Coconut Sugar 250gr nUg",
    "price_raw":"Rp36.992",
    "price_clean":36992.0,
    "shop_name":"Kintan imut",
    "location":"Lokasi tidak tersedia",
    "sold_count_raw":"0 terjual",
    "sold_count_clean":0.0,
    "product_url":"https:\/\/www.tokopedia.com\/kimut\/nucifera-organic-white-coconut-sugar-250gr-nug-1731061338798064932?extParam=ivf%3Dfalse%26keyword%3Dcoconut+sugar%26src%3Dsearch",
    "search_query":"coconut sugar",
    "weight_kg":0.25,
    "price_per_kg":147968.0,
    "0":"lain",
    "1":"umum"
  },
  {
    "_id":{
      "$oid":"684908867013c07662ad8d73"
    },
    "timestamp_scrape":"2025-06-11T11:32:14.955191",
    "ecommerce":"Tokopedia",
    "product_name":"YG4 Nourish Indonesia, Organic Coconut Sugar 250gr",
    "price_raw":"Rp18.000",
    "price_clean":18000.0,
    "shop_name":"WQRSA009",
    "location":"Lokasi tidak tersedia",
    "sold_count_raw":"0 terjual",
    "sold_count_clean":0.0,
    "product_url":"https:\/\/www.tokopedia.com\/wqrsa009\/yg4-nourish-indonesia-organic-coconut-sugar-250gr?extParam=ivf%3Dfalse%26keyword%3Dcoconut+sugar%26src%3Dsearch",
    "search_query":"coconut sugar",
    "weight_kg":0.25,
    "price_per_kg":72000.0,
    "0":"lain",
    "1":"organik"
  },
  {
    "_id":{
      "$oid":"684908867013c07662ad8d74"
    },
    "timestamp_scrape":"2025-06-11T11:32:16.189416",
    "ecommerce":"Tokopedia",
    "product_name":"(100 gram) Gula Kelapa Organik \/ Organic Coconut Sugar \/ Gula Semut Kelapa",
    "price_raw":"Rp20.000",
    "price_clean":20000.0,
    "shop_name":"denisostore",
    "location":"Lokasi tidak tersedia",
    "sold_count_raw":"0 terjual",
    "sold_count_clean":0.0,
    "product_url":"https:\/\/www.tokopedia.com\/denisos-1\/100-gram-gula-kelapa-organik-organic-coconut-sugar-gula-semut-kelapa?extParam=ivf%3Dfalse%26keyword%3Dcoconut+sugar%26src%3Dsearch",
    "search_query":"coconut sugar",
    "weight_kg":0.1,
    "price_per_kg":200000.0,
    "0":"lain",
    "1":"umum"
  },
  {
    "_id":{
      "$oid":"684908867013c07662ad8d75"
    },
    "timestamp_scrape":"2025-06-11T11:32:17.395336",
    "ecommerce":"Tokopedia",
    "product_name":"Nucifera - Coconut water sauce lee sugar 135ml",
    "price_raw":"Rp28.000",
    "price_clean":28000.0,
    "shop_name":"tempatmakansederhana",
    "location":"Lokasi tidak tersedia",
    "sold_count_raw":"0 terjual",
    "sold_count_clean":0.0,
    "product_url":"https:\/\/www.tokopedia.com\/tempatmakansederhan\/nucifera-coconut-water-sauce-lee-sugar-135ml-1730921946991003370?extParam=ivf%3Dfalse%26keyword%3Dcoconut+sugar%26src%3Dsearch",
    "search_query":"coconut sugar",
    "weight_kg":0.135,
    "price_per_kg":207407.4074074074,
    "0":"bubuk",
    "1":"organik"
  },
  {
    "_id":{
      "$oid":"684908867013c07662ad8d76"
    },
    "timestamp_scrape":"2025-06-11T11:32:18.606616",
    "ecommerce":"Tokopedia",
    "product_name":"Javara - Gula Coconut Sugar Original - 300 gr pouch",
    "price_raw":"Rp83.000",
    "price_clean":83000.0,
    "shop_name":"dimasnuh",
    "location":"Lokasi tidak tersedia",
    "sold_count_raw":"0 terjual",
    "sold_count_clean":0.0,
    "product_url":"https:\/\/www.tokopedia.com\/dimasnuh\/javara-gula-coconut-sugar-original-300-gr-pouch-1731169704408548625?extParam=ivf%3Dfalse%26keyword%3Dcoconut+sugar%26src%3Dsearch",
    "search_query":"coconut sugar",
    "weight_kg":0.3,
    "price_per_kg":276666.6666666667,
    "0":"bubuk",
    "1":"umum"
  },
  {
    "_id":{
      "$oid":"684908867013c07662ad8d77"
    },
    "timestamp_scrape":"2025-06-11T11:32:19.836833",
    "ecommerce":"Tokopedia",
    "product_name":"HOUSE OF ORGANIX ORGANIC COCONUT SUGAR - 500 GR - TC",
    "price_raw":"Rp38.300",
    "price_clean":38300.0,
    "shop_name":"JAKSTOREGROSIR",
    "location":"Lokasi tidak tersedia",
    "sold_count_raw":"0 terjual",
    "sold_count_clean":0.0,
    "product_url":"https:\/\/www.tokopedia.com\/jakstoregrosir\/house-of-organix-organic-coconut-sugar-500-gr-tc-1731196306991187919?extParam=ivf%3Dfalse%26keyword%3Dcoconut+sugar%26src%3Dsearch",
    "search_query":"coconut sugar",
    "weight_kg":0.5,
    "price_per_kg":76600.0,
    "0":"lain",
    "1":"organik"
  },
  {
    "_id":{
      "$oid":"684908867013c07662ad8d7a"
    },
    "timestamp_scrape":"2025-06-11T11:32:58.945475",
    "ecommerce":"Tokopedia",
    "product_name":"Tukuyuu Gula Kelapa Oven 150 G Toasted Coconut Sugar (Tiara Farm)",
    "price_raw":"Rp32.000",
    "price_clean":32000.0,
    "shop_name":"tokotokoan90",
    "location":"Lokasi tidak tersedia",
    "sold_count_raw":"0 terjual",
    "sold_count_clean":0.0,
    "product_url":"https:\/\/www.tokopedia.com\/tokoasalan2006\/tukuyuu-gula-kelapa-oven-150-g-toasted-coconut-sugar-tiara-farm?extParam=ivf%3Dfalse%26keyword%3Dcoconut+sugar%26src%3Dsearch",
    "search_query":"coconut sugar",
    "weight_kg":0.15,
    "price_per_kg":213333.3333333333,
    "0":"lain",
    "1":"organik"
  },
  {
    "_id":{
      "$oid":"684908867013c07662ad8d7b"
    },
    "timestamp_scrape":"2025-06-11T11:33:00.186608",
    "ecommerce":"Tokopedia",
    "product_name":"Greenara - Gula Kelapa Putih 1 Kg \/ White Coconut Sugar",
    "price_raw":"Rp108.000",
    "price_clean":108000.0,
    "shop_name":"Ex Jaya",
    "location":"Lokasi tidak tersedia",
    "sold_count_raw":"0 terjual",
    "sold_count_clean":0.0,
    "product_url":"https:\/\/www.tokopedia.com\/exjaya\/greenara-gula-kelapa-putih-1-kg-white-coconut-sugar?extParam=ivf%3Dfalse%26keyword%3Dcoconut+sugar%26src%3Dsearch",
    "search_query":"coconut sugar",
    "weight_kg":1.0,
    "price_per_kg":108000.0,
    "0":"lain",
    "1":"umum"
  },
  {
    "_id":{
      "$oid":"684908867013c07662ad8d7d"
    },
    "timestamp_scrape":"2025-06-11T11:33:01.393382",
    "ecommerce":"Tokopedia",
    "product_name":"Jay's Coconut Sugar Organic Zipper Pouch 250 GR",
    "price_raw":"Rp44.500",
    "price_clean":44500.0,
    "shop_name":"jayskitchenspice",
    "location":"Lokasi tidak tersedia",
    "sold_count_raw":"8 terjual",
    "sold_count_clean":8.0,
    "product_url":"https:\/\/www.tokopedia.com\/jayskitchenspice-505\/jay-s-coconut-sugar-organic-zipper-pouch-250-gr-1729640286137911711?extParam=ivf%3Dfalse%26keyword%3Dcoconut+sugar%26src%3Dsearch",
    "search_query":"coconut sugar",
    "weight_kg":0.25,
    "price_per_kg":178000.0,
    "0":"lain",
    "1":"organik"
  },
  {
    "_id":{
      "$oid":"684908867013c07662ad8d7e"
    },
    "timestamp_scrape":"2025-06-11T11:33:02.595378",
    "ecommerce":"Tokopedia",
    "product_name":"ORGANIC COCONUT SUGAR 1 KG \/ GULA KELAPA 1 KG",
    "price_raw":"Rp63.000",
    "price_clean":63000.0,
    "shop_name":"azizah mart55",
    "location":"Lokasi tidak tersedia",
    "sold_count_raw":"0 terjual",
    "sold_count_clean":0.0,
    "product_url":"https:\/\/www.tokopedia.com\/azizahmart55\/organic-coconut-sugar-1-kg-gula-kelapa-1-kg?extParam=ivf%3Dfalse%26keyword%3Dcoconut+sugar%26src%3Dsearch",
    "search_query":"coconut sugar",
    "weight_kg":1.0,
    "price_per_kg":63000.0,
    "0":"lain",
    "1":"umum"
  },
  {
    "_id":{
      "$oid":"684908867013c07662ad8d80"
    },
    "timestamp_scrape":"2025-06-11T11:33:04.393219",
    "ecommerce":"Tokopedia",
    "product_name":"Tan Kim Hock premix Ginger Drink with coconut palm sugar",
    "price_raw":"Rp260.000",
    "price_clean":260000.0,
    "shop_name":"ZUPER MARTS",
    "location":"Lokasi tidak tersedia",
    "sold_count_raw":"0 terjual",
    "sold_count_clean":0.0,
    "product_url":"https:\/\/www.tokopedia.com\/zuper-marts\/tan-kim-hock-premix-ginger-drink-with-coconut-palm-sugar-1731521760614188283?extParam=ivf%3Dfalse%26keyword%3Dcoconut+sugar%26src%3Dsearch",
    "search_query":"coconut sugar",
    "weight_kg":null,
    "price_per_kg":null,
    "0":"lain",
    "1":"organik"
  },
  {
    "_id":{
      "$oid":"684908867013c07662ad8d81"
    },
    "timestamp_scrape":"2025-06-11T11:33:05.611124",
    "ecommerce":"Tokopedia",
    "product_name":"House Of Organix Beras Kencur + Coconut Sugar 200 Gr Exp Lama",
    "price_raw":"Rp56.500",
    "price_clean":56500.0,
    "shop_name":"rifanpo10",
    "location":"Lokasi tidak tersedia",
    "sold_count_raw":"0 terjual",
    "sold_count_clean":0.0,
    "product_url":"https:\/\/www.tokopedia.com\/putrianandi05\/house-of-organix-beras-kencur-coconut-sugar-200-gr-exp-lama-1731036509356722123?extParam=ivf%3Dfalse%26keyword%3Dcoconut+sugar%26src%3Dsearch",
    "search_query":"coconut sugar",
    "weight_kg":0.2,
    "price_per_kg":282500.0,
    "0":"lain",
    "1":"umum"
  },
  {
    "_id":{
      "$oid":"684908867013c07662ad8d82"
    },
    "timestamp_scrape":"2025-06-11T11:33:06.888241",
    "ecommerce":"Tokopedia",
    "product_name":"COCONUT SUGAR 50GR - GULA KELAPA ORGANIK - ORGANIC PALM COCONUT BROWN",
    "price_raw":"Rp12.000",
    "price_clean":12000.0,
    "shop_name":"TOKO TEMONI",
    "location":"Lokasi tidak tersedia",
    "sold_count_raw":"0 terjual",
    "sold_count_clean":0.0,
    "product_url":"https:\/\/www.tokopedia.com\/toko-temoni\/coconut-sugar-50gr-gula-kelapa-organik-organic-palm-coconut-brown-1731137174758262137?extParam=ivf%3Dfalse%26keyword%3Dcoconut+sugar%26src%3Dsearch",
    "search_query":"coconut sugar",
    "weight_kg":0.05,
    "price_per_kg":240000.0,
    "0":"lain",
    "1":"umum"
  },
  {
    "_id":{
      "$oid":"684908867013c07662ad8d83"
    },
    "timestamp_scrape":"2025-06-11T11:33:08.098116",
    "ecommerce":"Tokopedia",
    "product_name":"Pureeland Organic Coconut Sugar \/ Gula Kelapa Organik \/ Mendukung",
    "price_raw":"Rp39.000",
    "price_clean":39000.0,
    "shop_name":"butithere",
    "location":"Lokasi tidak tersedia",
    "sold_count_raw":"0 terjual",
    "sold_count_clean":0.0,
    "product_url":"https:\/\/www.tokopedia.com\/buit\/pureeland-organic-coconut-sugar-gula-kelapa-organik-mendukung-sugar-cube-can-6bb08?extParam=ivf%3Dfalse%26keyword%3Dcoconut+sugar%26src%3Dsearch",
    "search_query":"coconut sugar",
    "weight_kg":null,
    "price_per_kg":null,
    "0":"lain",
    "1":"umum"
  },
  {
    "_id":{
      "$oid":"684908867013c07662ad8d84"
    },
    "timestamp_scrape":"2025-06-11T11:33:09.312889",
    "ecommerce":"Tokopedia",
    "product_name":"Organic Coconut Sugar 500Gr \/ Gula Kelapa 500Gram\/ Gula Kelapa Organik 500Gr Allshop",
    "price_raw":"Rp62.000",
    "price_clean":62000.0,
    "shop_name":"Vinz storeee",
    "location":"Lokasi tidak tersedia",
    "sold_count_raw":"0 terjual",
    "sold_count_clean":0.0,
    "product_url":"https:\/\/www.tokopedia.com\/vinzstoreee\/organic-coconut-sugar-500gr-gula-kelapa-500gram-gula-kelapa-organik-500gr-allshop?extParam=ivf%3Dfalse%26keyword%3Dcoconut+sugar%26src%3Dsearch",
    "search_query":"coconut sugar",
    "weight_kg":0.5,
    "price_per_kg":124000.0,
    "0":"lain",
    "1":"umum"
  },
  {
    "_id":{
      "$oid":"684908867013c07662ad8d85"
    },
    "timestamp_scrape":"2025-06-11T11:33:10.523255",
    "ecommerce":"Tokopedia",
    "product_name":"HAYS GRANOLA ALL VARIANT 1KG DENGAN ALMOND MEDE CRANBERRY RAISIN ORGANIC COCONUT SUGAR 1000 G",
    "price_raw":"Rp185.300",
    "price_clean":185300.0,
    "shop_name":"boiyo popo",
    "location":"Lokasi tidak tersedia",
    "sold_count_raw":"0 terjual",
    "sold_count_clean":0.0,
    "product_url":"https:\/\/www.tokopedia.com\/boiyo-popo\/hays-granola-all-variant-1kg-dengan-almond-mede-cranberry-raisin-organic-coconut-sugar-1000-g-1731637023035721055?extParam=ivf%3Dfalse%26keyword%3Dcoconut+sugar%26src%3Dsearch",
    "search_query":"coconut sugar",
    "weight_kg":1.0,
    "price_per_kg":185300.0,
    "0":"lain",
    "1":"umum"
  },
  {
    "_id":{
      "$oid":"684908867013c07662ad8d86"
    },
    "timestamp_scrape":"2025-06-11T11:33:11.755130",
    "ecommerce":"Tokopedia",
    "product_name":"(NEW) GULARE GULA KELAPA CAIR \/ COCONUT SUGAR SYRUP 1,3 KG",
    "price_raw":"Rp118.100",
    "price_clean":118100.0,
    "shop_name":"MIXUMZ",
    "location":"Lokasi tidak tersedia",
    "sold_count_raw":"0 terjual",
    "sold_count_clean":0.0,
    "product_url":"https:\/\/www.tokopedia.com\/mizuno6\/new-gulare-gula-kelapa-cair-coconut-sugar-syrup-1-3-kg-1731183013073159273?extParam=ivf%3Dfalse%26keyword%3Dcoconut+sugar%26src%3Dsearch",
    "search_query":"coconut sugar",
    "weight_kg":1.3,
    "price_per_kg":90846.1538461538,
    "0":"lain",
    "1":"umum"
  },
  {
    "_id":{
      "$oid":"684908867013c07662ad8d8a"
    },
    "timestamp_scrape":"2025-06-11T11:33:41.376226",
    "ecommerce":"Tokopedia",
    "product_name":"READY TERBARU HOUSE OF ORGANIX GULA ASAM + COCONUT SUGAR 200GR",
    "price_raw":"Rp49.400",
    "price_clean":49400.0,
    "shop_name":"Yulia karunghal545",
    "location":"Lokasi tidak tersedia",
    "sold_count_raw":"0 terjual",
    "sold_count_clean":0.0,
    "product_url":"https:\/\/www.tokopedia.com\/yuliakarunghal545\/ready-terbaru-house-of-organix-gula-asam-coconut-sugar-200gr-1731239916748506314?extParam=ivf%3Dfalse%26keyword%3Dcoconut+sugar%26src%3Dsearch",
    "search_query":"coconut sugar",
    "weight_kg":0.2,
    "price_per_kg":247000.0,
    "0":"lain",
    "1":"organik"
  },
  {
    "_id":{
      "$oid":"684908867013c07662ad8d8b"
    },
    "timestamp_scrape":"2025-06-11T11:33:42.616828",
    "ecommerce":"Tokopedia",
    "product_name":"(100 gram) Gula Kelapa Organik \/ Organic Coconut Sugar \/ Gula Semut",
    "price_raw":"Rp20.000",
    "price_clean":20000.0,
    "shop_name":"atik herba",
    "location":"Lokasi tidak tersedia",
    "sold_count_raw":"0 terjual",
    "sold_count_clean":0.0,
    "product_url":"https:\/\/www.tokopedia.com\/tokootakatik\/100-gram-gula-kelapa-organik-organic-coconut-sugar-gula-semut?extParam=ivf%3Dfalse%26keyword%3Dcoconut+sugar%26src%3Dsearch",
    "search_query":"coconut sugar",
    "weight_kg":0.1,
    "price_per_kg":200000.0,
    "0":"lain",
    "1":"umum"
  },
  {
    "_id":{
      "$oid":"684908867013c07662ad8d8d"
    },
    "timestamp_scrape":"2025-06-11T11:33:44.444731",
    "ecommerce":"Tokopedia",
    "product_name":"(50 gram) Gula Kelapa Organik \/ Organic Coconut Sugar \/ Gula Semut Kelapa",
    "price_raw":"Rp14.000",
    "price_clean":14000.0,
    "shop_name":"rempahpulo",
    "location":"Lokasi tidak tersedia",
    "sold_count_raw":"0 terjual",
    "sold_count_clean":0.0,
    "product_url":"https:\/\/www.tokopedia.com\/rempahp\/50-gram-gula-kelapa-organik-organic-coconut-sugar-gula-semut-kelapa?extParam=ivf%3Dfalse%26keyword%3Dcoconut+sugar%26src%3Dsearch",
    "search_query":"coconut sugar",
    "weight_kg":0.05,
    "price_per_kg":280000.0,
    "0":"lain",
    "1":"umum"
  },
  {
    "_id":{
      "$oid":"684908867013c07662ad8d8e"
    },
    "timestamp_scrape":"2025-06-11T11:33:45.678648",
    "ecommerce":"Tokopedia",
    "product_name":"BisaKiriM- Coconut Sugar Original Gula Kelapa Natural Evyna Food 320 gram",
    "price_raw":"Rp40.000",
    "price_clean":40000.0,
    "shop_name":"buayiiiop",
    "location":"Lokasi tidak tersedia",
    "sold_count_raw":"0 terjual",
    "sold_count_clean":0.0,
    "product_url":"https:\/\/www.tokopedia.com\/buayiiiop\/bisakirim-coconut-sugar-original-gula-kelapa-natural-evyna-food-320-gram-1730982172892365889?extParam=ivf%3Dfalse%26keyword%3Dcoconut+sugar%26src%3Dsearch",
    "search_query":"coconut sugar",
    "weight_kg":0.32,
    "price_per_kg":125000.0,
    "0":"bubuk",
    "1":"organik"
  },
  {
    "_id":{
      "$oid":"684908867013c07662ad8d90"
    },
    "timestamp_scrape":"2025-06-11T11:33:47.491514",
    "ecommerce":"Tokopedia",
    "product_name":"Gula Kelapa Putih 250gr \/ White Coconut Sugar",
    "price_raw":"Rp55.000",
    "price_clean":55000.0,
    "shop_name":"Toserba-shopp",
    "location":"Lokasi tidak tersedia",
    "sold_count_raw":"0 terjual",
    "sold_count_clean":0.0,
    "product_url":"https:\/\/www.tokopedia.com\/toserba-shopp\/gula-kelapa-putih-250gr-white-coconut-sugar?extParam=ivf%3Dfalse%26keyword%3Dcoconut+sugar%26src%3Dsearch",
    "search_query":"coconut sugar",
    "weight_kg":0.25,
    "price_per_kg":220000.0,
    "0":"lain",
    "1":"umum"
  },
  {
    "_id":{
      "$oid":"684908867013c07662ad8d91"
    },
    "timestamp_scrape":"2025-06-11T11:33:48.700877",
    "ecommerce":"Tokopedia",
    "product_name":"Timurasa, Crystal Coconut Sugar (Gula Semut Kelapa) 225gr",
    "price_raw":"Rp72.000",
    "price_clean":72000.0,
    "shop_name":"Neira sa",
    "location":"Lokasi tidak tersedia",
    "sold_count_raw":"0 terjual",
    "sold_count_clean":0.0,
    "product_url":"https:\/\/www.tokopedia.com\/neirasa\/timurasa-crystal-coconut-sugar-gula-semut-kelapa-225gr-1731058354812323334?extParam=ivf%3Dfalse%26keyword%3Dcoconut+sugar%26src%3Dsearch",
    "search_query":"coconut sugar",
    "weight_kg":0.225,
    "price_per_kg":320000.0,
    "0":"lain",
    "1":"umum"
  },
  {
    "_id":{
      "$oid":"684908867013c07662ad8d92"
    },
    "timestamp_scrape":"2025-06-11T11:33:49.944583",
    "ecommerce":"Tokopedia",
    "product_name":"1kg Coconut Sugar \/ Gula Kelapa \/ Gula Semut [PREMIUM]",
    "price_raw":"Rp74.000",
    "price_clean":74000.0,
    "shop_name":"toko tuumbas",
    "location":"Lokasi tidak tersedia",
    "sold_count_raw":"0 terjual",
    "sold_count_clean":0.0,
    "product_url":"https:\/\/www.tokopedia.com\/ttuumbas\/1kg-coconut-sugar-gula-kelapa-gula-semut-premium?extParam=ivf%3Dfalse%26keyword%3Dcoconut+sugar%26src%3Dsearch",
    "search_query":"coconut sugar",
    "weight_kg":1.0,
    "price_per_kg":74000.0,
    "0":"lain",
    "1":"umum"
  },
  {
    "_id":{
      "$oid":"684908867013c07662ad8d93"
    },
    "timestamp_scrape":"2025-06-11T11:33:50.534403",
    "ecommerce":"Tokopedia",
    "product_name":"READY - Plum & Blum Coconut Milk Powder Coconut Sugar",
    "price_raw":"Rp52.000",
    "price_clean":52000.0,
    "shop_name":"jualanaaku",
    "location":"Lokasi tidak tersedia",
    "sold_count_raw":"4 terjual",
    "sold_count_clean":4.0,
    "product_url":"https:\/\/www.tokopedia.com\/jualanaaku\/ready-plum-blum-coconut-milk-powder-coconut-sugar-1731321472225805522?extParam=ivf%3Dfalse%26keyword%3Dcoconut+sugar%26src%3Dsearch",
    "search_query":"coconut sugar",
    "weight_kg":null,
    "price_per_kg":null,
    "0":"lain",
    "1":"umum"
  },
  {
    "_id":{
      "$oid":"684908867013c07662ad8d94"
    },
    "timestamp_scrape":"2025-06-11T11:33:51.847318",
    "ecommerce":"Tokopedia",
    "product_name":"TERLARIS !! Plum & Blum Santan Mpasi Coconut Milk Powder BB booster \/ Coconut Sugar Powder BB Booster",
    "price_raw":"Rp90.000",
    "price_clean":90000.0,
    "shop_name":"RAHMA MARKET_NEW",
    "location":"Lokasi tidak tersedia",
    "sold_count_raw":"0 terjual",
    "sold_count_clean":0.0,
    "product_url":"https:\/\/www.tokopedia.com\/archive-rahma12store-1674950849\/terlaris-plum-blum-santan-mpasi-coconut-milk-powder-bb-booster-coconut-sugar-powder-bb-booster-1731577039062533767?extParam=ivf%3Dfalse%26keyword%3Dcoconut+sugar%26src%3Dsearch",
    "search_query":"coconut sugar",
    "weight_kg":null,
    "price_per_kg":null,
    "0":"lain",
    "1":"organik"
  },
  {
    "_id":{
      "$oid":"684908867013c07662ad8d95"
    },
    "timestamp_scrape":"2025-06-11T11:33:53.082785",
    "ecommerce":"Tokopedia",
    "product_name":"YG4 TC Orinal Gula Kelapa Organik (Coconut Sugar) 500 gram",
    "price_raw":"Rp30.000",
    "price_clean":30000.0,
    "shop_name":"LESI FUNDINI475",
    "location":"Lokasi tidak tersedia",
    "sold_count_raw":"0 terjual",
    "sold_count_clean":0.0,
    "product_url":"https:\/\/www.tokopedia.com\/lesifundini475\/yg4-tc-orinal-gula-kelapa-organik-coconut-sugar-500-gram?extParam=ivf%3Dfalse%26keyword%3Dcoconut+sugar%26src%3Dsearch",
    "search_query":"coconut sugar",
    "weight_kg":0.5,
    "price_per_kg":60000.0,
    "0":"lain",
    "1":"umum"
  },
  {
    "_id":{
      "$oid":"684908867013c07662ad8d96"
    },
    "timestamp_scrape":"2025-06-11T11:33:54.349489",
    "ecommerce":"Tokopedia",
    "product_name":"Wholesome Sweeteners, Organic Coconut Sugar, 1 lb. (16 oz) - 454 g",
    "price_raw":"Rp308.000",
    "price_clean":308000.0,
    "shop_name":"Jallie Store",
    "location":"Lokasi tidak tersedia",
    "sold_count_raw":"0 terjual",
    "sold_count_clean":0.0,
    "product_url":"https:\/\/www.tokopedia.com\/jaliarr\/wholesome-sweeteners-organic-coconut-sugar-1-lb-16-oz-454-g-1730837423457142301?extParam=ivf%3Dfalse%26keyword%3Dcoconut+sugar%26src%3Dsearch",
    "search_query":"coconut sugar",
    "weight_kg":1.0,
    "price_per_kg":308000.0,
    "0":"lain",
    "1":"organik"
  },
  {
    "_id":{
      "$oid":"684908867013c07662ad8d9a"
    },
    "timestamp_scrape":"2025-06-11T11:34:20.748868",
    "ecommerce":"Tokopedia",
    "product_name":"GULARE GULA KELAPA 400 GRAM ( COCONUT SUGAR )",
    "price_raw":"Rp45.000",
    "price_clean":45000.0,
    "shop_name":"murahcake",
    "location":"Lokasi tidak tersedia",
    "sold_count_raw":"0 terjual",
    "sold_count_clean":0.0,
    "product_url":"https:\/\/www.tokopedia.com\/mrah-1\/gulare-gula-kelapa-400-gram-coconut-sugar-1731239086445069625?extParam=ivf%3Dfalse%26keyword%3Dcoconut+sugar%26src%3Dsearch",
    "search_query":"coconut sugar",
    "weight_kg":0.4,
    "price_per_kg":112500.0,
    "0":null,
    "1":null
  },
  {
    "_id":{
      "$oid":"684908867013c07662ad8d9b"
    },
    "timestamp_scrape":"2025-06-11T11:34:21.987450",
    "ecommerce":"Tokopedia",
    "product_name":"CIAOOLARIZZSZ!! Nucifera Organic Coconut White Sugar Original 400gr\/250gr",
    "price_raw":"Rp56.000",
    "price_clean":56000.0,
    "shop_name":"alamstoreeee_NEW",
    "location":"Lokasi tidak tersedia",
    "sold_count_raw":"0 terjual",
    "sold_count_clean":0.0,
    "product_url":"https:\/\/www.tokopedia.com\/farizashop90\/ciaoolarizzsz-nucifera-organic-coconut-white-sugar-original-400gr-250gr-1731139980879955204?extParam=ivf%3Dfalse%26keyword%3Dcoconut+sugar%26src%3Dsearch",
    "search_query":"coconut sugar",
    "weight_kg":0.4,
    "price_per_kg":140000.0,
    "0":null,
    "1":null
  },
  {
    "_id":{
      "$oid":"684908867013c07662ad8d9c"
    },
    "timestamp_scrape":"2025-06-11T11:34:23.207599",
    "ecommerce":"Tokopedia",
    "product_name":"YG4 House Of Organix Organic Coconut Sugar 1 Kg",
    "price_raw":"Rp61.000",
    "price_clean":61000.0,
    "shop_name":"WQRSA009",
    "location":"Lokasi tidak tersedia",
    "sold_count_raw":"0 terjual",
    "sold_count_clean":0.0,
    "product_url":"https:\/\/www.tokopedia.com\/wqrsa009\/yg4-house-of-organix-organic-coconut-sugar-1-kg?extParam=ivf%3Dfalse%26keyword%3Dcoconut+sugar%26src%3Dsearch",
    "search_query":"coconut sugar",
    "weight_kg":1.0,
    "price_per_kg":61000.0,
    "0":null,
    "1":null
  },
  {
    "_id":{
      "$oid":"684908867013c07662ad8d9d"
    },
    "timestamp_scrape":"2025-06-11T11:34:24.448330",
    "ecommerce":"Tokopedia",
    "product_name":"Nucifera, Organic White Coconut Sugar 250gr",
    "price_raw":"Rp43.000",
    "price_clean":43000.0,
    "shop_name":"eristas",
    "location":"Lokasi tidak tersedia",
    "sold_count_raw":"0 terjual",
    "sold_count_clean":0.0,
    "product_url":"https:\/\/www.tokopedia.com\/eristass\/nucifera-organic-white-coconut-sugar-250gr-1730835785923593631?extParam=ivf%3Dfalse%26keyword%3Dcoconut+sugar%26src%3Dsearch",
    "search_query":"coconut sugar",
    "weight_kg":0.25,
    "price_per_kg":172000.0,
    "0":null,
    "1":null
  },
  {
    "_id":{
      "$oid":"684908867013c07662ad8d9e"
    },
    "timestamp_scrape":"2025-06-11T11:34:25.693487",
    "ecommerce":"Tokopedia",
    "product_name":"Gula Kelapa Organik \/ Organic Coconut Sugar \/ Gula Semut Kelapa (250 GRAM) - Four Tea",
    "price_raw":"Rp42.500",
    "price_clean":42500.0,
    "shop_name":"FOUR TEA",
    "location":"Lokasi tidak tersedia",
    "sold_count_raw":"0 terjual",
    "sold_count_clean":0.0,
    "product_url":"https:\/\/www.tokopedia.com\/fourtea\/gula-kelapa-organik-organic-coconut-sugar-gula-semut-kelapa-250-gram-four-tea-1731323643554072521?extParam=ivf%3Dfalse%26keyword%3Dcoconut+sugar%26src%3Dsearch",
    "search_query":"coconut sugar",
    "weight_kg":0.25,
    "price_per_kg":170000.0,
    "0":null,
    "1":null
  },
  {
    "_id":{
      "$oid":"684908867013c07662ad8d9f"
    },
    "timestamp_scrape":"2025-06-11T11:34:26.936333",
    "ecommerce":"Tokopedia",
    "product_name":"Coconut Sugar: Gula Kelapa Bubuk Organik Natural Alami Pure Premium",
    "price_raw":"Rp37.000",
    "price_clean":37000.0,
    "shop_name":"intisarii mart",
    "location":"Lokasi tidak tersedia",
    "sold_count_raw":"0 terjual",
    "sold_count_clean":0.0,
    "product_url":"https:\/\/www.tokopedia.com\/intisarii\/coconut-sugar-gula-kelapa-bubuk-organik-natural-alami-pure-premium-250-gram-371a1?extParam=ivf%3Dfalse%26keyword%3Dcoconut+sugar%26src%3Dsearch",
    "search_query":"coconut sugar",
    "weight_kg":null,
    "price_per_kg":null,
    "0":null,
    "1":null
  },
  {
    "_id":{
      "$oid":"684908867013c07662ad8da0"
    },
    "timestamp_scrape":"2025-06-11T11:34:28.187287",
    "ecommerce":"Tokopedia",
    "product_name":"1kg Coconut Sugar \/ Gula Kelapa [Organic] .RICH",
    "price_raw":"Rp55.000",
    "price_clean":55000.0,
    "shop_name":"onyourstore",
    "location":"Lokasi tidak tersedia",
    "sold_count_raw":"0 terjual",
    "sold_count_clean":0.0,
    "product_url":"https:\/\/www.tokopedia.com\/onyourstore\/1kg-coconut-sugar-gula-kelapa-organic-rich-1730886434348500707?extParam=ivf%3Dfalse%26keyword%3Dcoconut+sugar%26src%3Dsearch",
    "search_query":"coconut sugar",
    "weight_kg":1.0,
    "price_per_kg":55000.0,
    "0":null,
    "1":null
  },
  {
    "_id":{
      "$oid":"684908867013c07662ad8da1"
    },
    "timestamp_scrape":"2025-06-11T11:34:29.410421",
    "ecommerce":"Tokopedia",
    "product_name":"Djoeragan Rempah Gula Kelapa Organik - Organic Coconut Sugar",
    "price_raw":"Rp78.000",
    "price_clean":78000.0,
    "shop_name":"MAKKRESS ENAK",
    "location":"Lokasi tidak tersedia",
    "sold_count_raw":"0 terjual",
    "sold_count_clean":0.0,
    "product_url":"https:\/\/www.tokopedia.com\/makkress\/djoeragan-rempah-gula-kelapa-organik-organic-coconut-sugar?extParam=ivf%3Dfalse%26keyword%3Dcoconut+sugar%26src%3Dsearch",
    "search_query":"coconut sugar",
    "weight_kg":null,
    "price_per_kg":null,
    "0":null,
    "1":null
  },
  {
    "_id":{
      "$oid":"684908867013c07662ad8da2"
    },
    "timestamp_scrape":"2025-06-11T11:34:30.638829",
    "ecommerce":"Tokopedia",
    "product_name":"100gr Gula Kelapa \/ Coconut Sugar \/ Gula Semut 100% PREMIUM",
    "price_raw":"Rp17.000",
    "price_clean":17000.0,
    "shop_name":"JERIMIN66",
    "location":"Lokasi tidak tersedia",
    "sold_count_raw":"0 terjual",
    "sold_count_clean":0.0,
    "product_url":"https:\/\/www.tokopedia.com\/jerimin\/100gr-gula-kelapa-coconut-sugar-gula-semut-100-premium-1731043677761340700?extParam=ivf%3Dfalse%26keyword%3Dcoconut+sugar%26src%3Dsearch",
    "search_query":"coconut sugar",
    "weight_kg":0.1,
    "price_per_kg":170000.0,
    "0":null,
    "1":null
  },
  {
    "_id":{
      "$oid":"684908867013c07662ad8da3"
    },
    "timestamp_scrape":"2025-06-11T11:34:31.932246",
    "ecommerce":"Tokopedia",
    "product_name":"Ready Nourish Indonesia, Organic Coconut Sugar 1Kg",
    "price_raw":"Rp90.000",
    "price_clean":90000.0,
    "shop_name":"hasiel boemi",
    "location":"Lokasi tidak tersedia",
    "sold_count_raw":"0 terjual",
    "sold_count_clean":0.0,
    "product_url":"https:\/\/www.tokopedia.com\/bawasendiritoko\/ready-nourish-indonesia-organic-coconut-sugar-1kg-1731125164509595035?extParam=ivf%3Dfalse%26keyword%3Dcoconut+sugar%26src%3Dsearch",
    "search_query":"coconut sugar",
    "weight_kg":1.0,
    "price_per_kg":90000.0,
    "0":null,
    "1":null
  },
  {
    "_id":{
      "$oid":"684908867013c07662ad8da4"
    },
    "timestamp_scrape":"2025-06-11T11:34:32.924127",
    "ecommerce":"Tokopedia",
    "product_name":"Nucifera, Organic White Coconut Sugar 1kg",
    "price_raw":"Rp94.000",
    "price_clean":94000.0,
    "shop_name":"misona shoop",
    "location":"Lokasi tidak tersedia",
    "sold_count_raw":"0 terjual",
    "sold_count_clean":0.0,
    "product_url":"https:\/\/www.tokopedia.com\/misona\/nucifera-organic-white-coconut-sugar-1kg?extParam=ivf%3Dfalse%26keyword%3Dcoconut+sugar%26src%3Dsearch",
    "search_query":"coconut sugar",
    "weight_kg":1.0,
    "price_per_kg":94000.0,
    "0":null,
    "1":null
  },
  {
    "_id":{
      "$oid":"684908867013c07662ad8da7"
    },
    "timestamp_scrape":"2025-06-11T11:35:03.358636",
    "ecommerce":"Tokopedia",
    "product_name":"YG4 Gula Kelapa 250 gram \/ Coconut Sugar",
    "price_raw":"Rp28.000",
    "price_clean":28000.0,
    "shop_name":"LESI FUNDINI475",
    "location":"Lokasi tidak tersedia",
    "sold_count_raw":"0 terjual",
    "sold_count_clean":0.0,
    "product_url":"https:\/\/www.tokopedia.com\/lesifundini475\/yg4-gula-kelapa-250-gram-coconut-sugar?extParam=ivf%3Dfalse%26keyword%3Dcoconut+sugar%26src%3Dsearch",
    "search_query":"coconut sugar",
    "weight_kg":0.004,
    "price_per_kg":7000000.0,
    "0":null,
    "1":null
  },
  {
    "_id":{
      "$oid":"684908867013c07662ad8da8"
    },
    "timestamp_scrape":"2025-06-11T11:35:04.621189",
    "ecommerce":"Tokopedia",
    "product_name":"READY TERBARU HOUSE OF ORGANIX BERAS KENCUR + COCONUT SUGAR 200 GR",
    "price_raw":"Rp58.400",
    "price_clean":58400.0,
    "shop_name":"Yulia karunghal545",
    "location":"Lokasi tidak tersedia",
    "sold_count_raw":"0 terjual",
    "sold_count_clean":0.0,
    "product_url":"https:\/\/www.tokopedia.com\/yuliakarunghal545\/ready-terbaru-house-of-organix-beras-kencur-coconut-sugar-200-gr-1731240030405625034?extParam=ivf%3Dfalse%26keyword%3Dcoconut+sugar%26src%3Dsearch",
    "search_query":"coconut sugar",
    "weight_kg":0.2,
    "price_per_kg":292000.0,
    "0":null,
    "1":null
  },
  {
    "_id":{
      "$oid":"684908867013c07662ad8daa"
    },
    "timestamp_scrape":"2025-06-11T11:35:06.477782",
    "ecommerce":"Tokopedia",
    "product_name":"Brown Sugar Bubuk Stick Ansell \/ Gula Merah \/ Coconut Sugar Stik 480g",
    "price_raw":"Rp46.000",
    "price_clean":46000.0,
    "shop_name":"Heavenly-Hues",
    "location":"Lokasi tidak tersedia",
    "sold_count_raw":"0 terjual",
    "sold_count_clean":0.0,
    "product_url":"https:\/\/www.tokopedia.com\/heristore-2\/brown-sugar-bubuk-stick-ansell-gula-merah-coconut-sugar-stik-480g-1730838073380013091?extParam=ivf%3Dfalse%26keyword%3Dcoconut+sugar%26src%3Dsearch",
    "search_query":"coconut sugar",
    "weight_kg":0.48,
    "price_per_kg":95833.3333333333,
    "0":null,
    "1":null
  },
  {
    "_id":{
      "$oid":"684908867013c07662ad8dab"
    },
    "timestamp_scrape":"2025-06-11T11:35:07.073612",
    "ecommerce":"Tokopedia",
    "product_name":"HAYS Granola All Variant 500 Gram Dengan Almond Mede Cranberry Raisin Organic Coconut Sugar 500 G",
    "price_raw":"Rp91.571",
    "price_clean":91571.0,
    "shop_name":"aryasaa098",
    "location":"Lokasi tidak tersedia",
    "sold_count_raw":"6 terjual",
    "sold_count_clean":6.0,
    "product_url":"https:\/\/www.tokopedia.com\/aryasaa098\/hays-granola-all-variant-500-gram-dengan-almond-mede-cranberry-raisin-organic-coconut-sugar-500-g-1731144415014978753?extParam=ivf%3Dfalse%26keyword%3Dcoconut+sugar%26src%3Dsearch",
    "search_query":"coconut sugar",
    "weight_kg":0.5,
    "price_per_kg":183142.0,
    "0":null,
    "1":null
  },
  {
    "_id":{
      "$oid":"684908867013c07662ad8dad"
    },
    "timestamp_scrape":"2025-06-11T11:35:08.879556",
    "ecommerce":"Tokopedia",
    "product_name":"TERLARISS Gula Kelapa Putih 250gr \/ White Coconut Sugar",
    "price_raw":"Rp55.000",
    "price_clean":55000.0,
    "shop_name":"watu giok",
    "location":"Lokasi tidak tersedia",
    "sold_count_raw":"0 terjual",
    "sold_count_clean":0.0,
    "product_url":"https:\/\/www.tokopedia.com\/wgiok\/terlariss-gula-kelapa-putih-250gr-white-coconut-sugar-1731208006647645368?extParam=ivf%3Dfalse%26keyword%3Dcoconut+sugar%26src%3Dsearch",
    "search_query":"coconut sugar",
    "weight_kg":0.25,
    "price_per_kg":220000.0,
    "0":null,
    "1":null
  },
  {
    "_id":{
      "$oid":"684908867013c07662ad8dae"
    },
    "timestamp_scrape":"2025-06-11T11:35:10.127076",
    "ecommerce":"Tokopedia",
    "product_name":"Suka Organic Coconut Sugar \/ Gula Kelapa Organik 350 Gr Bahan Food Palm Exp Lama",
    "price_raw":"Rp62.500",
    "price_clean":62500.0,
    "shop_name":"rifanpo10",
    "location":"Lokasi tidak tersedia",
    "sold_count_raw":"0 terjual",
    "sold_count_clean":0.0,
    "product_url":"https:\/\/www.tokopedia.com\/putrianandi05\/suka-organic-coconut-sugar-gula-kelapa-organik-350-gr-bahan-food-palm-exp-lama-1731036458394027979?extParam=ivf%3Dfalse%26keyword%3Dcoconut+sugar%26src%3Dsearch",
    "search_query":"coconut sugar",
    "weight_kg":0.35,
    "price_per_kg":178571.4285714286,
    "0":null,
    "1":null
  },
  {
    "_id":{
      "$oid":"684908867013c07662ad8daf"
    },
    "timestamp_scrape":"2025-06-11T11:35:11.374448",
    "ecommerce":"Tokopedia",
    "product_name":"Club Sehat - Coconut Sugar 1Kg",
    "price_raw":"Rp83.000",
    "price_clean":83000.0,
    "shop_name":"tatashopw",
    "location":"Lokasi tidak tersedia",
    "sold_count_raw":"0 terjual",
    "sold_count_clean":0.0,
    "product_url":"https:\/\/www.tokopedia.com\/tatashopw\/club-sehat-coconut-sugar-1kg-1731248958128621419?extParam=ivf%3Dfalse%26keyword%3Dcoconut+sugar%26src%3Dsearch",
    "search_query":"coconut sugar",
    "weight_kg":1.0,
    "price_per_kg":83000.0,
    "0":null,
    "1":null
  },
  {
    "_id":{
      "$oid":"684908867013c07662ad8db0"
    },
    "timestamp_scrape":"2025-06-11T11:35:12.657207",
    "ecommerce":"Tokopedia",
    "product_name":"TERLARISS NUCIFERA WHITE COCONUT SUGAR \/ GULA KELAPA PUTIH NUCIFERA 400 gram",
    "price_raw":"Rp73.000",
    "price_clean":73000.0,
    "shop_name":"mari masakk",
    "location":"Lokasi tidak tersedia",
    "sold_count_raw":"0 terjual",
    "sold_count_clean":0.0,
    "product_url":"https:\/\/www.tokopedia.com\/mari-masakk\/terlariss-nucifera-white-coconut-sugar-gula-kelapa-putih-nucifera-400-gram?extParam=ivf%3Dfalse%26keyword%3Dcoconut+sugar%26src%3Dsearch",
    "search_query":"coconut sugar",
    "weight_kg":0.4,
    "price_per_kg":182500.0,
    "0":null,
    "1":null
  },
  {
    "_id":{
      "$oid":"684908867013c07662ad8db1"
    },
    "timestamp_scrape":"2025-06-11T11:35:13.893961",
    "ecommerce":"Tokopedia",
    "product_name":"(KL05) JAVARA - COCONUT SUGAR ORGANIK - 1000 GR",
    "price_raw":"Rp240.000",
    "price_clean":240000.0,
    "shop_name":"JAHUanbmi4858",
    "location":"Lokasi tidak tersedia",
    "sold_count_raw":"0 terjual",
    "sold_count_clean":0.0,
    "product_url":"https:\/\/www.tokopedia.com\/jahuanbmi4858\/kl05-javara-coconut-sugar-organik-1000-gr-1730929025663861884?extParam=ivf%3Dfalse%26keyword%3Dcoconut+sugar%26src%3Dsearch",
    "search_query":"coconut sugar",
    "weight_kg":1.0,
    "price_per_kg":240000.0,
    "0":null,
    "1":null
  },
  {
    "_id":{
      "$oid":"684908867013c07662ad8db2"
    },
    "timestamp_scrape":"2025-06-11T11:35:15.140521",
    "ecommerce":"Tokopedia",
    "product_name":"YG4 Organic Coconut Sugar - Gula Kelapa Organik 1000",
    "price_raw":"Rp60.000",
    "price_clean":60000.0,
    "shop_name":"WQRSA009",
    "location":"Lokasi tidak tersedia",
    "sold_count_raw":"0 terjual",
    "sold_count_clean":0.0,
    "product_url":"https:\/\/www.tokopedia.com\/wqrsa009\/yg4-organic-coconut-sugar-gula-kelapa-organik-1000?extParam=ivf%3Dfalse%26keyword%3Dcoconut+sugar%26src%3Dsearch",
    "search_query":"coconut sugar",
    "weight_kg":null,
    "price_per_kg":null,
    "0":null,
    "1":null
  },
  {
    "_id":{
      "$oid":"684908867013c07662ad8db3"
    },
    "timestamp_scrape":"2025-06-11T11:35:16.359299",
    "ecommerce":"Tokopedia",
    "product_name":"Greenara Natural Sweetener White Coconut Sugar 1Kg \/ Gula Kelapa Putih \/ Pemanis Alami",
    "price_raw":"Rp184.500",
    "price_clean":184500.0,
    "shop_name":"ALIF TISANE STORE",
    "location":"Lokasi tidak tersedia",
    "sold_count_raw":"0 terjual",
    "sold_count_clean":0.0,
    "product_url":"https:\/\/www.tokopedia.com\/aliftisanestore\/greenara-natural-sweetener-white-coconut-sugar-1kg-gula-kelapa-putih-pemanis-alami-1731633340759639802?extParam=ivf%3Dfalse%26keyword%3Dcoconut+sugar%26src%3Dsearch",
    "search_query":"coconut sugar",
    "weight_kg":1.0,
    "price_per_kg":184500.0,
    "0":null,
    "1":null
  },
  {
    "_id":{
      "$oid":"684908867013c07662ad8db7"
    },
    "timestamp_scrape":"2025-06-11T11:35:43.913206",
    "ecommerce":"Tokopedia",
    "product_name":"Dripp Coconut Sugar Syrup - Sirup Rasa Gula Kelapa",
    "price_raw":"Rp110.000",
    "price_clean":110000.0,
    "shop_name":"RazwanID",
    "location":"Lokasi tidak tersedia",
    "sold_count_raw":"0 terjual",
    "sold_count_clean":0.0,
    "product_url":"https:\/\/www.tokopedia.com\/rijaldisop\/dripp-coconut-sugar-syrup-sirup-rasa-gula-kelapa?extParam=ivf%3Dfalse%26keyword%3Dcoconut+sugar%26src%3Dsearch",
    "search_query":"coconut sugar",
    "weight_kg":null,
    "price_per_kg":null,
    "0":null,
    "1":null
  },
  {
    "_id":{
      "$oid":"684908867013c07662ad8db8"
    },
    "timestamp_scrape":"2025-06-11T11:35:45.167004",
    "ecommerce":"Tokopedia",
    "product_name":"Ready Stok Gula Kelapa 1 Kg \/ Coconut Sugar",
    "price_raw":"Rp63.000",
    "price_clean":63000.0,
    "shop_name":"Startartt",
    "location":"Lokasi tidak tersedia",
    "sold_count_raw":"0 terjual",
    "sold_count_clean":0.0,
    "product_url":"https:\/\/www.tokopedia.com\/startartt\/ready-stok-gula-kelapa-1-kg-coconut-sugar-1730797020445246560?extParam=ivf%3Dfalse%26keyword%3Dcoconut+sugar%26src%3Dsearch",
    "search_query":"coconut sugar",
    "weight_kg":1.0,
    "price_per_kg":63000.0,
    "0":null,
    "1":null
  },
  {
    "_id":{
      "$oid":"684908867013c07662ad8dba"
    },
    "timestamp_scrape":"2025-06-11T11:35:46.975814",
    "ecommerce":"Tokopedia",
    "product_name":"Hampers Natal Cookies Sutan Klepon Carousel Christmas New Year Pandan Coconut Palm Sugar Snack Cemilan Biskuit - Makanan Ringan - Food",
    "price_raw":"Rp73.000",
    "price_clean":73000.0,
    "shop_name":"La Déli Bakery",
    "location":"Lokasi tidak tersedia",
    "sold_count_raw":"0 terjual",
    "sold_count_clean":0.0,
    "product_url":"https:\/\/www.tokopedia.com\/la-dli-bakery\/hampers-natal-cookies-sutan-klepon-carousel-christmas-new-year-pandan-coconut-palm-sugar-snack-cemilan-biskuit-makanan-ringan-food-1730634141509846999?extParam=ivf%3Dfalse%26keyword%3Dcoconut+sugar%26src%3Dsearch",
    "search_query":"coconut sugar",
    "weight_kg":null,
    "price_per_kg":null,
    "0":null,
    "1":null
  },
  {
    "_id":{
      "$oid":"684908867013c07662ad8dbb"
    },
    "timestamp_scrape":"2025-06-11T11:35:48.225597",
    "ecommerce":"Tokopedia",
    "product_name":"Coconut Yogurt NO SUGAR Pre Order",
    "price_raw":"Rp126.000",
    "price_clean":126000.0,
    "shop_name":"wearestoreone",
    "location":"Lokasi tidak tersedia",
    "sold_count_raw":"0 terjual",
    "sold_count_clean":0.0,
    "product_url":"https:\/\/www.tokopedia.com\/wearestoreone\/coconut-yogurt-no-sugar-pre-order-1731132180058571989?extParam=ivf%3Dfalse%26keyword%3Dcoconut+sugar%26src%3Dsearch",
    "search_query":"coconut sugar",
    "weight_kg":null,
    "price_per_kg":null,
    "0":null,
    "1":null
  },
  {
    "_id":{
      "$oid":"684908867013c07662ad8dbd"
    },
    "timestamp_scrape":"2025-06-11T11:35:49.412189",
    "ecommerce":"Tokopedia",
    "product_name":"Coconut Sugar Original Gula Kelapa Natural Evyna Food 320 Gram",
    "price_raw":"Rp68.000",
    "price_clean":68000.0,
    "shop_name":"mulya sari toko",
    "location":"Lokasi tidak tersedia",
    "sold_count_raw":"1 terjual",
    "sold_count_clean":1.0,
    "product_url":"https:\/\/www.tokopedia.com\/tokosepatuheickel\/coconut-sugar-original-gula-kelapa-natural-evyna-food-320-gram?extParam=ivf%3Dfalse%26keyword%3Dcoconut+sugar%26src%3Dsearch",
    "search_query":"coconut sugar",
    "weight_kg":0.32,
    "price_per_kg":212500.0,
    "0":null,
    "1":null
  },
  {
    "_id":{
      "$oid":"684908867013c07662ad8dbe"
    },
    "timestamp_scrape":"2025-06-11T11:35:50.650772",
    "ecommerce":"Tokopedia",
    "product_name":"Tukuyuu Gula Semut Kelapa \/ Crystal Coconut Sugar - 225Gr",
    "price_raw":"Rp36.500",
    "price_clean":36500.0,
    "shop_name":"tokotokoan90",
    "location":"Lokasi tidak tersedia",
    "sold_count_raw":"0 terjual",
    "sold_count_clean":0.0,
    "product_url":"https:\/\/www.tokopedia.com\/tokoasalan2006\/tukuyuu-gula-semut-kelapa-crystal-coconut-sugar-225gr?extParam=ivf%3Dfalse%26keyword%3Dcoconut+sugar%26src%3Dsearch",
    "search_query":"coconut sugar",
    "weight_kg":0.225,
    "price_per_kg":162222.2222222222,
    "0":null,
    "1":null
  },
  {
    "_id":{
      "$oid":"684908867013c07662ad8dbf"
    },
    "timestamp_scrape":"2025-06-11T11:35:51.863377",
    "ecommerce":"Tokopedia",
    "product_name":"(50 gram) Gula Kelapa Organik \/ Organic Coconut Sugar \/ Gula Semut",
    "price_raw":"Rp14.000",
    "price_clean":14000.0,
    "shop_name":"jaya herb99",
    "location":"Lokasi tidak tersedia",
    "sold_count_raw":"0 terjual",
    "sold_count_clean":0.0,
    "product_url":"https:\/\/www.tokopedia.com\/jayaherb99\/50-gram-gula-kelapa-organik-organic-coconut-sugar-gula-semut?extParam=ivf%3Dfalse%26keyword%3Dcoconut+sugar%26src%3Dsearch",
    "search_query":"coconut sugar",
    "weight_kg":0.05,
    "price_per_kg":280000.0,
    "0":null,
    "1":null
  },
  {
    "_id":{
      "$oid":"684908867013c07662ad8dc0"
    },
    "timestamp_scrape":"2025-06-11T11:35:53.117267",
    "ecommerce":"Tokopedia",
    "product_name":"Organic Coconut Sugar Gram",
    "price_raw":"Rp55.000",
    "price_clean":55000.0,
    "shop_name":"Cendey Store",
    "location":"Lokasi tidak tersedia",
    "sold_count_raw":"0 terjual",
    "sold_count_clean":0.0,
    "product_url":"https:\/\/www.tokopedia.com\/cendey-store\/organic-coconut-sugar-gram?extParam=ivf%3Dfalse%26keyword%3Dcoconut+sugar%26src%3Dsearch",
    "search_query":"coconut sugar",
    "weight_kg":null,
    "price_per_kg":null,
    "0":null,
    "1":null
  },
  {
    "_id":{
      "$oid":"684908867013c07662ad8dc1"
    },
    "timestamp_scrape":"2025-06-11T11:35:54.342329",
    "ecommerce":"Tokopedia",
    "product_name":"CIAOOLARIZZSZ!! Organic White Coconut Sugar Gula Kelapa Putih 250 gr - Nucifera",
    "price_raw":"Rp33.000",
    "price_clean":33000.0,
    "shop_name":"BackStore01",
    "location":"Lokasi tidak tersedia",
    "sold_count_raw":"0 terjual",
    "sold_count_clean":0.0,
    "product_url":"https:\/\/www.tokopedia.com\/backstore01\/ciaoolarizzsz-organic-white-coconut-sugar-gula-kelapa-putih-250-gr-nucifera-1731129418172958589?extParam=ivf%3Dfalse%26keyword%3Dcoconut+sugar%26src%3Dsearch",
    "search_query":"coconut sugar",
    "weight_kg":0.25,
    "price_per_kg":132000.0,
    "0":null,
    "1":null
  },
  {
    "_id":{
      "$oid":"684908867013c07662ad8dc2"
    },
    "timestamp_scrape":"2025-06-11T11:35:55.584094",
    "ecommerce":"Tokopedia",
    "product_name":"YG4 Pure Organic Coconut Sugar 500Gr",
    "price_raw":"Rp29.000",
    "price_clean":29000.0,
    "shop_name":"LESI FUNDINI475",
    "location":"Lokasi tidak tersedia",
    "sold_count_raw":"0 terjual",
    "sold_count_clean":0.0,
    "product_url":"https:\/\/www.tokopedia.com\/lesifundini475\/yg4-pure-organic-coconut-sugar-500gr?extParam=ivf%3Dfalse%26keyword%3Dcoconut+sugar%26src%3Dsearch",
    "search_query":"coconut sugar",
    "weight_kg":0.5,
    "price_per_kg":58000.0,
    "0":null,
    "1":null
  },
  {
    "_id":{
      "$oid":"684908867013c07662ad8dc3"
    },
    "timestamp_scrape":"2025-06-11T11:35:56.826414",
    "ecommerce":"Tokopedia",
    "product_name":"Coconut Sugar Gula Kelapa Organik Inulin 150 Gram",
    "price_raw":"Rp49.000",
    "price_clean":49000.0,
    "shop_name":"carlanjaelani",
    "location":"Lokasi tidak tersedia",
    "sold_count_raw":"0 terjual",
    "sold_count_clean":0.0,
    "product_url":"https:\/\/www.tokopedia.com\/carlanj\/coconut-sugar-gula-kelapa-organik-inulin-150-gram-1731113848408016837?extParam=ivf%3Dfalse%26keyword%3Dcoconut+sugar%26src%3Dsearch",
    "search_query":"coconut sugar",
    "weight_kg":0.15,
    "price_per_kg":326666.6666666667,
    "0":null,
    "1":null
  },
  {
    "_id":{
      "$oid":"684908867013c07662ad8dc7"
    },
    "timestamp_scrape":"2025-06-11T11:36:31.265145",
    "ecommerce":"Tokopedia",
    "product_name":"Sale haldinfoods Gula Kelapa Organik Sirup Coconut Sugar Syrup - 1 literSale",
    "price_raw":"Rp135.800",
    "price_clean":135800.0,
    "shop_name":"Erickafff shop",
    "location":"Lokasi tidak tersedia",
    "sold_count_raw":"0 terjual",
    "sold_count_clean":0.0,
    "product_url":"https:\/\/www.tokopedia.com\/erickafff\/sale-haldinfoods-gula-kelapa-organik-sirup-coconut-sugar-syrup-1-litersale-1730804307434767707?extParam=ivf%3Dfalse%26keyword%3Dcoconut+sugar%26src%3Dsearch",
    "search_query":"coconut sugar",
    "weight_kg":1.0,
    "price_per_kg":135800.0,
    "0":null,
    "1":null
  },
  {
    "_id":{
      "$oid":"684908867013c07662ad8dc8"
    },
    "timestamp_scrape":"2025-06-11T11:36:32.509891",
    "ecommerce":"Tokopedia",
    "product_name":"Brown Sugar Bubuk Ansell \/ Gula Merah \/ Coconut Sugar\/Nira Kelapa 250g",
    "price_raw":"Rp35.000",
    "price_clean":35000.0,
    "shop_name":"JERIMIN66",
    "location":"Lokasi tidak tersedia",
    "sold_count_raw":"0 terjual",
    "sold_count_clean":0.0,
    "product_url":"https:\/\/www.tokopedia.com\/jerimin\/brown-sugar-bubuk-ansell-gula-merah-coconut-sugar-nira-kelapa-250g-1731043636316898588?extParam=ivf%3Dfalse%26keyword%3Dcoconut+sugar%26src%3Dsearch",
    "search_query":"coconut sugar",
    "weight_kg":0.25,
    "price_per_kg":140000.0,
    "0":null,
    "1":null
  },
  {
    "_id":{
      "$oid":"684908867013c07662ad8dc9"
    },
    "timestamp_scrape":"2025-06-11T11:36:33.101169",
    "ecommerce":"Tokopedia",
    "product_name":"KOS Organic Coconut Milk Powder Sugar Free Plant Creamer Smoothies",
    "price_raw":"Rp684.000",
    "price_clean":684000.0,
    "shop_name":"Metta Likatania",
    "location":"Lokasi tidak tersedia",
    "sold_count_raw":"40+ terjual",
    "sold_count_clean":40.0,
    "product_url":"https:\/\/www.tokopedia.com\/mettalikat\/kos-organic-coconut-milk-powder-sugar-free-plant-creamer-smoothies?extParam=ivf%3Dfalse%26keyword%3Dcoconut+sugar%26src%3Dsearch",
    "search_query":"coconut sugar",
    "weight_kg":null,
    "price_per_kg":null,
    "0":null,
    "1":null
  },
  {
    "_id":{
      "$oid":"684908867013c07662ad8dca"
    },
    "timestamp_scrape":"2025-06-11T11:36:34.375711",
    "ecommerce":"Tokopedia",
    "product_name":"Liquid 500gr COCONUT Palm Sugar organic Gula Kelapa cair organik",
    "price_raw":"Rp27.000",
    "price_clean":27000.0,
    "shop_name":"BELVINS BAKING STORE",
    "location":"Lokasi tidak tersedia",
    "sold_count_raw":"0 terjual",
    "sold_count_clean":0.0,
    "product_url":"https:\/\/www.tokopedia.com\/belvinbakingstore\/liquid-500gr-coconut-palm-sugar-organic-gula-kelapa-cair-organik?extParam=ivf%3Dfalse%26keyword%3Dcoconut+sugar%26src%3Dsearch",
    "search_query":"coconut sugar",
    "weight_kg":0.5,
    "price_per_kg":54000.0,
    "0":null,
    "1":null
  },
  {
    "_id":{
      "$oid":"684908867013c07662ad8dcb"
    },
    "timestamp_scrape":"2025-06-11T11:36:35.620224",
    "ecommerce":"Tokopedia",
    "product_name":"YG4 Singabera Organic Coconut Sugar Gula Kelapa Organik Pouch Box 40 pcs",
    "price_raw":"Rp45.000",
    "price_clean":45000.0,
    "shop_name":"WQRSA009",
    "location":"Lokasi tidak tersedia",
    "sold_count_raw":"0 terjual",
    "sold_count_clean":0.0,
    "product_url":"https:\/\/www.tokopedia.com\/wqrsa009\/yg4-singabera-organic-coconut-sugar-gula-kelapa-organik-pouch-box-40-pcs?extParam=ivf%3Dfalse%26keyword%3Dcoconut+sugar%26src%3Dsearch",
    "search_query":"coconut sugar",
    "weight_kg":null,
    "price_per_kg":null,
    "0":null,
    "1":null
  },
  {
    "_id":{
      "$oid":"684908867013c07662ad8dcc"
    },
    "timestamp_scrape":"2025-06-11T11:36:36.927467",
    "ecommerce":"Tokopedia",
    "product_name":"M4Y4R. Palmsuiker Prima Merah 250gr \/ Palm Sugar \/ Coconut Sugar",
    "price_raw":"Rp23.000",
    "price_clean":23000.0,
    "shop_name":"Grosir Popi",
    "location":"Lokasi tidak tersedia",
    "sold_count_raw":"0 terjual",
    "sold_count_clean":0.0,
    "product_url":"https:\/\/www.tokopedia.com\/grosirpopi\/m4y4r-palmsuiker-prima-merah-250gr-palm-sugar-coconut-sugar?extParam=ivf%3Dfalse%26keyword%3Dcoconut+sugar%26src%3Dsearch",
    "search_query":"coconut sugar",
    "weight_kg":0.25,
    "price_per_kg":92000.0,
    "0":null,
    "1":null
  },
  {
    "_id":{
      "$oid":"684908867013c07662ad8dcd"
    },
    "timestamp_scrape":"2025-06-11T11:36:38.155119",
    "ecommerce":"Tokopedia",
    "product_name":"Organic Coconut Sugar - Gula Kelapa Organik Gr",
    "price_raw":"Rp39.000",
    "price_clean":39000.0,
    "shop_name":"Cendey Store",
    "location":"Lokasi tidak tersedia",
    "sold_count_raw":"0 terjual",
    "sold_count_clean":0.0,
    "product_url":"https:\/\/www.tokopedia.com\/cendey-store\/organic-coconut-sugar-gula-kelapa-organik-gr?extParam=ivf%3Dfalse%26keyword%3Dcoconut+sugar%26src%3Dsearch",
    "search_query":"coconut sugar",
    "weight_kg":null,
    "price_per_kg":null,
    "0":null,
    "1":null
  },
  {
    "_id":{
      "$oid":"684908867013c07662ad8dce"
    },
    "timestamp_scrape":"2025-06-11T11:36:39.376304",
    "ecommerce":"Tokopedia",
    "product_name":"Marikak- 500gr Gula Kelapa \/ Gula Semut \/ Coconut Sugar \/ Rempah \/ JSR 100%",
    "price_raw":"Rp39.000",
    "price_clean":39000.0,
    "shop_name":"Jimmysax",
    "location":"Lokasi tidak tersedia",
    "sold_count_raw":"0 terjual",
    "sold_count_clean":0.0,
    "product_url":"https:\/\/www.tokopedia.com\/jimmysax\/marikak-500gr-gula-kelapa-gula-semut-coconut-sugar-rempah-jsr-100-1730790976583600117?extParam=ivf%3Dfalse%26keyword%3Dcoconut+sugar%26src%3Dsearch",
    "search_query":"coconut sugar",
    "weight_kg":0.5,
    "price_per_kg":78000.0,
    "0":null,
    "1":null
  },
  {
    "_id":{
      "$oid":"684908867013c07662ad8dcf"
    },
    "timestamp_scrape":"2025-06-11T11:36:40.590142",
    "ecommerce":"Tokopedia",
    "product_name":"ORGANIC CENTER COCONUT SUGAR 250 gr",
    "price_raw":"Rp39.900",
    "price_clean":39900.0,
    "shop_name":"Emmunk Mart",
    "location":"Lokasi tidak tersedia",
    "sold_count_raw":"0 terjual",
    "sold_count_clean":0.0,
    "product_url":"https:\/\/www.tokopedia.com\/emmunkmart\/organic-center-coconut-sugar-250-gr?extParam=ivf%3Dfalse%26keyword%3Dcoconut+sugar%26src%3Dsearch",
    "search_query":"coconut sugar",
    "weight_kg":0.25,
    "price_per_kg":159600.0,
    "0":null,
    "1":null
  },
  {
    "_id":{
      "$oid":"684908867013c07662ad8dd0"
    },
    "timestamp_scrape":"2025-06-11T11:36:41.826431",
    "ecommerce":"Tokopedia",
    "product_name":"READY ORGANIK COCONUT SUGAR 1KG",
    "price_raw":"Rp66.200",
    "price_clean":66200.0,
    "shop_name":"yiluliastore516",
    "location":"Lokasi tidak tersedia",
    "sold_count_raw":"0 terjual",
    "sold_count_clean":0.0,
    "product_url":"https:\/\/www.tokopedia.com\/yiluliastore516\/ready-organik-coconut-sugar-1kg-1730782934060401751?extParam=ivf%3Dfalse%26keyword%3Dcoconut+sugar%26src%3Dsearch",
    "search_query":"coconut sugar",
    "weight_kg":1.0,
    "price_per_kg":66200.0,
    "0":null,
    "1":null
  },
  {
    "_id":{
      "$oid":"684908867013c07662ad8dd1"
    },
    "timestamp_scrape":"2025-06-11T11:36:42.676836",
    "ecommerce":"Tokopedia",
    "product_name":"Organic Coconut sugar gula kelapa organik gula merah gula jawa -",
    "price_raw":"Rp24.500",
    "price_clean":24500.0,
    "shop_name":"LION_1MART",
    "location":"Lokasi tidak tersedia",
    "sold_count_raw":"0 terjual",
    "sold_count_clean":0.0,
    "product_url":"https:\/\/www.tokopedia.com\/lion1\/organic-coconut-sugar-gula-kelapa-organik-gula-merah-gula-jawa?extParam=ivf%3Dfalse%26keyword%3Dcoconut+sugar%26src%3Dsearch",
    "search_query":"coconut sugar",
    "weight_kg":null,
    "price_per_kg":null,
    "0":null,
    "1":null
  },
  {
    "_id":{
      "$oid":"684908867013c07662ad8dd4"
    },
    "timestamp_scrape":"2025-06-11T11:37:12.277272",
    "ecommerce":"Tokopedia",
    "product_name":"Brown Sugar Bubuk Stick Ansell \/ Gula Merah \/ Coconut Sugar Stik 480g",
    "price_raw":"Rp64.000",
    "price_clean":64000.0,
    "shop_name":"Choki Latte",
    "location":"Lokasi tidak tersedia",
    "sold_count_raw":"0 terjual",
    "sold_count_clean":0.0,
    "product_url":"https:\/\/www.tokopedia.com\/chokilatte\/brown-sugar-bubuk-stick-ansell-gula-merah-coconut-sugar-stik-480g?extParam=ivf%3Dfalse%26keyword%3Dcoconut+sugar%26src%3Dsearch",
    "search_query":"coconut sugar",
    "weight_kg":0.48,
    "price_per_kg":133333.3333333333,
    "0":null,
    "1":null
  },
  {
    "_id":{
      "$oid":"684908867013c07662ad8dd5"
    },
    "timestamp_scrape":"2025-06-11T11:37:13.583862",
    "ecommerce":"Tokopedia",
    "product_name":"haldinfoods Gula Kelapa Organik Bubuk Organic Coconut Sugar Powder - 1 kg",
    "price_raw":"Rp132.000",
    "price_clean":132000.0,
    "shop_name":"SUHA PERMANA27",
    "location":"Lokasi tidak tersedia",
    "sold_count_raw":"0 terjual",
    "sold_count_clean":0.0,
    "product_url":"https:\/\/www.tokopedia.com\/spermana27\/haldinfoods-gula-kelapa-organik-bubuk-organic-coconut-sugar-powder-1-kg-1730821332773537693?extParam=ivf%3Dfalse%26keyword%3Dcoconut+sugar%26src%3Dsearch",
    "search_query":"coconut sugar",
    "weight_kg":1.0,
    "price_per_kg":132000.0,
    "0":null,
    "1":null
  },
  {
    "_id":{
      "$oid":"684908867013c07662ad8dd7"
    },
    "timestamp_scrape":"2025-06-11T11:37:15.635712",
    "ecommerce":"Tokopedia",
    "product_name":"Club Sehat - Coconut Sugar 375Gr",
    "price_raw":"Rp39.000",
    "price_clean":39000.0,
    "shop_name":"tempatmakansederhana",
    "location":"Lokasi tidak tersedia",
    "sold_count_raw":"0 terjual",
    "sold_count_clean":0.0,
    "product_url":"https:\/\/www.tokopedia.com\/tempatmakansederhan\/club-sehat-coconut-sugar-375gr-1730922001899226858?extParam=ivf%3Dfalse%26keyword%3Dcoconut+sugar%26src%3Dsearch",
    "search_query":"coconut sugar",
    "weight_kg":0.375,
    "price_per_kg":104000.0,
    "0":null,
    "1":null
  },
  {
    "_id":{
      "$oid":"684908867013c07662ad8dd8"
    },
    "timestamp_scrape":"2025-06-11T11:37:17.277649",
    "ecommerce":"Tokopedia",
    "product_name":"BROWN SUGAR BUBUK 250GR \/ GULA PALM \/ GULA AREN \/ GULA HALUS \/ GULA MERAH  \/ COCONUT SUGAR",
    "price_raw":"Rp22.100",
    "price_clean":22100.0,
    "shop_name":"larecashop",
    "location":"Lokasi tidak tersedia",
    "sold_count_raw":"0 terjual",
    "sold_count_clean":0.0,
    "product_url":"https:\/\/www.tokopedia.com\/larecashop\/brown-sugar-bubuk-250gr-gula-palm-gula-aren-gula-halus-gula-merah-coconut-sugar?extParam=ivf%3Dfalse%26keyword%3Dcoconut+sugar%26src%3Dsearch",
    "search_query":"coconut sugar",
    "weight_kg":0.25,
    "price_per_kg":88400.0,
    "0":null,
    "1":null
  },
  {
    "_id":{
      "$oid":"684908867013c07662ad8dda"
    },
    "timestamp_scrape":"2025-06-11T11:37:19.511943",
    "ecommerce":"Tokopedia",
    "product_name":"× Organic Coconut Sugar 500 gram",
    "price_raw":"Rp31.000",
    "price_clean":31000.0,
    "shop_name":"DavankaGanesh",
    "location":"Lokasi tidak tersedia",
    "sold_count_raw":"0 terjual",
    "sold_count_clean":0.0,
    "product_url":"https:\/\/www.tokopedia.com\/davankaganesh\/organic-coconut-sugar-500-gram?extParam=ivf%3Dfalse%26keyword%3Dcoconut+sugar%26src%3Dsearch",
    "search_query":"coconut sugar",
    "weight_kg":0.5,
    "price_per_kg":62000.0,
    "0":null,
    "1":null
  },
  {
    "_id":{
      "$oid":"684908867013c07662ad8ddb"
    },
    "timestamp_scrape":"2025-06-11T11:37:20.866130",
    "ecommerce":"Tokopedia",
    "product_name":"JAVARA COCONUT SUGAR ORIGINAL 300 G POUCH",
    "price_raw":"Rp48.000",
    "price_clean":48000.0,
    "shop_name":"yayatnirhiyat",
    "location":"Lokasi tidak tersedia",
    "sold_count_raw":"0 terjual",
    "sold_count_clean":0.0,
    "product_url":"https:\/\/www.tokopedia.com\/yayatnirhiyat\/javara-coconut-sugar-original-300-g-pouch-1731174075817952429?extParam=ivf%3Dfalse%26keyword%3Dcoconut+sugar%26src%3Dsearch",
    "search_query":"coconut sugar",
    "weight_kg":0.3,
    "price_per_kg":160000.0,
    "0":null,
    "1":null
  },
  {
    "_id":{
      "$oid":"684908867013c07662ad8ddc"
    },
    "timestamp_scrape":"2025-06-11T11:37:22.126200",
    "ecommerce":"Tokopedia",
    "product_name":"Organic Palm Sugar Coconut Gula Aren Bubuk Gula Semut Organik 1 kg",
    "price_raw":"Rp64.000",
    "price_clean":64000.0,
    "shop_name":"JERIMIN66",
    "location":"Lokasi tidak tersedia",
    "sold_count_raw":"0 terjual",
    "sold_count_clean":0.0,
    "product_url":"https:\/\/www.tokopedia.com\/jerimin\/organic-palm-sugar-coconut-gula-aren-bubuk-gula-semut-organik-1-kg-1731043674708804892?extParam=ivf%3Dfalse%26keyword%3Dcoconut+sugar%26src%3Dsearch",
    "search_query":"coconut sugar",
    "weight_kg":1.0,
    "price_per_kg":64000.0,
    "0":null,
    "1":null
  },
  {
    "_id":{
      "$oid":"684908867013c07662ad8ddd"
    },
    "timestamp_scrape":"2025-06-11T11:37:23.389518",
    "ecommerce":"Tokopedia",
    "product_name":"READYY! Realsa Organic Ginger Coconut Sugar 1 kg - Gula Aren Jahe",
    "price_raw":"Rp201.000",
    "price_clean":201000.0,
    "shop_name":"semoga cairr",
    "location":"Lokasi tidak tersedia",
    "sold_count_raw":"0 terjual",
    "sold_count_clean":0.0,
    "product_url":"https:\/\/www.tokopedia.com\/semogacairr\/readyy-realsa-organic-ginger-coconut-sugar-1-kg-gula-aren-jahe-1731171580318876788?extParam=ivf%3Dfalse%26keyword%3Dcoconut+sugar%26src%3Dsearch",
    "search_query":"coconut sugar",
    "weight_kg":1.0,
    "price_per_kg":201000.0,
    "0":null,
    "1":null
  },
  {
    "_id":{
      "$oid":"684908867013c07662ad8dde"
    },
    "timestamp_scrape":"2025-06-11T11:37:24.636829",
    "ecommerce":"Tokopedia",
    "product_name":"javara Organic Coconut Sugar\/gula kelapa kristal organik 300gr .RICH",
    "price_raw":"Rp36.000",
    "price_clean":36000.0,
    "shop_name":"onyourstore",
    "location":"Lokasi tidak tersedia",
    "sold_count_raw":"0 terjual",
    "sold_count_clean":0.0,
    "product_url":"https:\/\/www.tokopedia.com\/onyourstore\/javara-organic-coconut-sugar-gula-kelapa-kristal-organik-300gr-rich-1730886430594664163?extParam=ivf%3Dfalse%26keyword%3Dcoconut+sugar%26src%3Dsearch",
    "search_query":"coconut sugar",
    "weight_kg":0.3,
    "price_per_kg":120000.0,
    "0":null,
    "1":null
  },
  {
    "_id":{
      "$oid":"684908867013c07662ad8ddf"
    },
    "timestamp_scrape":"2025-06-11T11:37:25.840101",
    "ecommerce":"Tokopedia",
    "product_name":"NEW ! NUCIFERA, ORGANIC WHITE COCONUT SUGAR 1KG",
    "price_raw":"Rp94.000",
    "price_clean":94000.0,
    "shop_name":"Fullers Shop",
    "location":"Lokasi tidak tersedia",
    "sold_count_raw":"0 terjual",
    "sold_count_clean":0.0,
    "product_url":"https:\/\/www.tokopedia.com\/fullers-shop\/new-nucifera-organic-white-coconut-sugar-1kg?extParam=ivf%3Dfalse%26keyword%3Dcoconut+sugar%26src%3Dsearch",
    "search_query":"coconut sugar",
    "weight_kg":1.0,
    "price_per_kg":94000.0,
    "0":null,
    "1":null
  },
  {
    "_id":{
      "$oid":"684908867013c07662ad8de0"
    },
    "timestamp_scrape":"2025-06-11T11:37:27.047340",
    "ecommerce":"Tokopedia",
    "product_name":"(100 gram) Gula Kelapa Organik \/ Organic Coconut Sugar \/ Gula Semut",
    "price_raw":"Rp20.000",
    "price_clean":20000.0,
    "shop_name":"jaya herb99",
    "location":"Lokasi tidak tersedia",
    "sold_count_raw":"0 terjual",
    "sold_count_clean":0.0,
    "product_url":"https:\/\/www.tokopedia.com\/jayaherb99\/100-gram-gula-kelapa-organik-organic-coconut-sugar-gula-semut?extParam=ivf%3Dfalse%26keyword%3Dcoconut+sugar%26src%3Dsearch",
    "search_query":"coconut sugar",
    "weight_kg":0.1,
    "price_per_kg":200000.0,
    "0":null,
    "1":null
  },
  {
    "_id":{
      "$oid":"684908867013c07662ad8de4"
    },
    "timestamp_scrape":"2025-06-11T11:37:56.080961",
    "ecommerce":"Tokopedia",
    "product_name":"Gula Kelapa \/ Gula Semut \/ Crystal Coconut Sugar 1Kg",
    "price_raw":"Rp57.000",
    "price_clean":57000.0,
    "shop_name":"enjumcel",
    "location":"Lokasi tidak tersedia",
    "sold_count_raw":"40+ terjual",
    "sold_count_clean":40.0,
    "product_url":"https:\/\/www.tokopedia.com\/enjumcel-2\/gula-kelapa-gula-semut-crystal-coconut-sugar-1kg-1730815775191696981?extParam=ivf%3Dfalse%26keyword%3Dcoconut+sugar%26src%3Dsearch",
    "search_query":"coconut sugar",
    "weight_kg":1.0,
    "price_per_kg":57000.0,
    "0":null,
    "1":null
  },
  {
    "_id":{
      "$oid":"684908867013c07662ad8de5"
    },
    "timestamp_scrape":"2025-06-11T11:37:57.369135",
    "ecommerce":"Tokopedia",
    "product_name":"Singabera Organic Coconut Sugar Gula Kelapa Organik 454g",
    "price_raw":"Rp78.000",
    "price_clean":78000.0,
    "shop_name":"JERIMIN66",
    "location":"Lokasi tidak tersedia",
    "sold_count_raw":"0 terjual",
    "sold_count_clean":0.0,
    "product_url":"https:\/\/www.tokopedia.com\/jerimin\/singabera-organic-coconut-sugar-gula-kelapa-organik-454g-1731043677840770332?extParam=ivf%3Dfalse%26keyword%3Dcoconut+sugar%26src%3Dsearch",
    "search_query":"coconut sugar",
    "weight_kg":0.454,
    "price_per_kg":171806.1674008811,
    "0":null,
    "1":null
  },
  {
    "_id":{
      "$oid":"684908867013c07662ad8de7"
    },
    "timestamp_scrape":"2025-06-11T11:37:59.329601",
    "ecommerce":"Tokopedia",
    "product_name":"GULA KELAPA ORGANIK 3 KG HARGA DISTRIBUTOR - ORGANIC COCONUT SUGAR",
    "price_raw":"Rp188.000",
    "price_clean":188000.0,
    "shop_name":"DEO MART.",
    "location":"Lokasi tidak tersedia",
    "sold_count_raw":"0 terjual",
    "sold_count_clean":0.0,
    "product_url":"https:\/\/www.tokopedia.com\/deo-mart\/gula-kelapa-organik-3-kg-harga-distributor-organic-coconut-sugar?extParam=ivf%3Dfalse%26keyword%3Dcoconut+sugar%26src%3Dsearch",
    "search_query":"coconut sugar",
    "weight_kg":3.0,
    "price_per_kg":62666.6666666667,
    "0":null,
    "1":null
  },
  {
    "_id":{
      "$oid":"684908867013c07662ad8de8"
    },
    "timestamp_scrape":"2025-06-11T11:38:00.956365",
    "ecommerce":"Tokopedia",
    "product_name":"Tukuyuu Organic Coconut Sugar\/ Gula Kelapa (Gula Merah, Gula Jawa)-Hays",
    "price_raw":"Rp29.300",
    "price_clean":29300.0,
    "shop_name":"tokotokoan90",
    "location":"Lokasi tidak tersedia",
    "sold_count_raw":"0 terjual",
    "sold_count_clean":0.0,
    "product_url":"https:\/\/www.tokopedia.com\/tokoasalan2006\/tukuyuu-organic-coconut-sugar-gula-kelapa-gula-merah-gula-jawa-hays?extParam=ivf%3Dfalse%26keyword%3Dcoconut+sugar%26src%3Dsearch",
    "search_query":"coconut sugar",
    "weight_kg":null,
    "price_per_kg":null,
    "0":null,
    "1":null
  },
  {
    "_id":{
      "$oid":"684908867013c07662ad8dea"
    },
    "timestamp_scrape":"2025-06-11T11:38:03.027544",
    "ecommerce":"Tokopedia",
    "product_name":"Singabera Premium 1kg Organic Coconut Sugar Gula Kelapa Organik Pouch",
    "price_raw":"Rp152.000",
    "price_clean":152000.0,
    "shop_name":"sopianmafru435",
    "location":"Lokasi tidak tersedia",
    "sold_count_raw":"0 terjual",
    "sold_count_clean":0.0,
    "product_url":"https:\/\/www.tokopedia.com\/tokoaaan\/singabera-premium-1kg-organic-coconut-sugar-gula-kelapa-organik-pouch-1731051848603699123?extParam=ivf%3Dfalse%26keyword%3Dcoconut+sugar%26src%3Dsearch",
    "search_query":"coconut sugar",
    "weight_kg":1.0,
    "price_per_kg":152000.0,
    "0":null,
    "1":null
  },
  {
    "_id":{
      "$oid":"684908867013c07662ad8deb"
    },
    "timestamp_scrape":"2025-06-11T11:38:03.624653",
    "ecommerce":"Tokopedia",
    "product_name":"1 Kg Haldin Organic Coconut Sugar ( gula kelapa )",
    "price_raw":"Rp200.000",
    "price_clean":200000.0,
    "shop_name":"Phuri Nut Organic",
    "location":"Lokasi tidak tersedia",
    "sold_count_raw":"1 terjual",
    "sold_count_clean":1.0,
    "product_url":"https:\/\/www.tokopedia.com\/phurinutorganic\/1-kg-haldin-organic-coconut-sugar-gula-kelapa?extParam=ivf%3Dfalse%26keyword%3Dcoconut+sugar%26src%3Dsearch",
    "search_query":"coconut sugar",
    "weight_kg":1.0,
    "price_per_kg":200000.0,
    "0":null,
    "1":null
  },
  {
    "_id":{
      "$oid":"684908867013c07662ad8dec"
    },
    "timestamp_scrape":"2025-06-11T11:38:05.202588",
    "ecommerce":"Tokopedia",
    "product_name":"Brown Sugar Bubuk Stick Ansell \/ Gula Merah \/ Coconut Sugar Stik 480g",
    "price_raw":"Rp65.000",
    "price_clean":65000.0,
    "shop_name":"DAPOER BUNDAE",
    "location":"Lokasi tidak tersedia",
    "sold_count_raw":"0 terjual",
    "sold_count_clean":0.0,
    "product_url":"https:\/\/www.tokopedia.com\/dapoer-bundae\/brown-sugar-bubuk-stick-ansell-gula-merah-coconut-sugar-stik-480g-1730976602579371173?extParam=ivf%3Dfalse%26keyword%3Dcoconut+sugar%26src%3Dsearch",
    "search_query":"coconut sugar",
    "weight_kg":0.48,
    "price_per_kg":135416.6666666667,
    "0":null,
    "1":null
  },
  {
    "_id":{
      "$oid":"684908867013c07662ad8ded"
    },
    "timestamp_scrape":"2025-06-11T11:38:05.825012",
    "ecommerce":"Tokopedia",
    "product_name":"Ulun Ulun Organic Crystal Coconut Sugar Javara Gula Kelapa Kristal Organik 300gr",
    "price_raw":"Rp55.000",
    "price_clean":55000.0,
    "shop_name":"uLun-uLun",
    "location":"Lokasi tidak tersedia",
    "sold_count_raw":"5 terjual",
    "sold_count_clean":5.0,
    "product_url":"https:\/\/www.tokopedia.com\/ulun-ulun\/ulun-ulun-organic-crystal-coconut-sugar-javara-gula-kelapa-kristal-organik-300gr-1731155656546682582?extParam=ivf%3Dfalse%26keyword%3Dcoconut+sugar%26src%3Dsearch",
    "search_query":"coconut sugar",
    "weight_kg":0.3,
    "price_per_kg":183333.3333333333,
    "0":null,
    "1":null
  },
  {
    "_id":{
      "$oid":"684908867013c07662ad8dee"
    },
    "timestamp_scrape":"2025-06-11T11:38:07.240932",
    "ecommerce":"Tokopedia",
    "product_name":"Sirup Dripp Coconut Sugar 760 Ml - 01",
    "price_raw":"Rp111.000",
    "price_clean":111000.0,
    "shop_name":"rias_sita",
    "location":"Lokasi tidak tersedia",
    "sold_count_raw":"0 terjual",
    "sold_count_clean":0.0,
    "product_url":"https:\/\/www.tokopedia.com\/riassita\/sirup-dripp-coconut-sugar-760-ml-01?extParam=ivf%3Dfalse%26keyword%3Dcoconut+sugar%26src%3Dsearch",
    "search_query":"coconut sugar",
    "weight_kg":0.76,
    "price_per_kg":146052.6315789474,
    "0":null,
    "1":null
  },
  {
    "_id":{
      "$oid":"684908867013c07662ad8def"
    },
    "timestamp_scrape":"2025-06-11T11:38:08.603889",
    "ecommerce":"Tokopedia",
    "product_name":"YG4 Organic Coconut Sugar \/ Gula Kelapa Organik - 500G",
    "price_raw":"Rp58.000",
    "price_clean":58000.0,
    "shop_name":"LESI FUNDINI475",
    "location":"Lokasi tidak tersedia",
    "sold_count_raw":"0 terjual",
    "sold_count_clean":0.0,
    "product_url":"https:\/\/www.tokopedia.com\/lesifundini475\/yg4-organic-coconut-sugar-gula-kelapa-organik-500g?extParam=ivf%3Dfalse%26keyword%3Dcoconut+sugar%26src%3Dsearch",
    "search_query":"coconut sugar",
    "weight_kg":0.5,
    "price_per_kg":116000.0,
    "0":null,
    "1":null
  },
  {
    "_id":{
      "$oid":"684908867013c07662ad8df0"
    },
    "timestamp_scrape":"2025-06-11T11:38:09.871528",
    "ecommerce":"Tokopedia",
    "product_name":"Singabera Organic Coconut Sugar Gula Kelapa Organik 454g",
    "price_raw":"Rp72.000",
    "price_clean":72000.0,
    "shop_name":"dimasnuh",
    "location":"Lokasi tidak tersedia",
    "sold_count_raw":"0 terjual",
    "sold_count_clean":0.0,
    "product_url":"https:\/\/www.tokopedia.com\/dimasnuh\/singabera-organic-coconut-sugar-gula-kelapa-organik-454g-1731169720069489937?extParam=ivf%3Dfalse%26keyword%3Dcoconut+sugar%26src%3Dsearch",
    "search_query":"coconut sugar",
    "weight_kg":0.454,
    "price_per_kg":158590.308370044,
    "0":null,
    "1":null
  },
  {
    "_id":{
      "$oid":"684908867013c07662ad8df4"
    },
    "timestamp_scrape":"2025-06-11T11:38:39.074272",
    "ecommerce":"Tokopedia",
    "product_name":"PROMO 7.7 Nucifera Organic White Coconut Sugar 250gr Termurah",
    "price_raw":"Rp39.200",
    "price_clean":39200.0,
    "shop_name":"Devaseller",
    "location":"Lokasi tidak tersedia",
    "sold_count_raw":"0 terjual",
    "sold_count_clean":0.0,
    "product_url":"https:\/\/www.tokopedia.com\/devasekk\/promo-7-7-nucifera-organic-white-coconut-sugar-250gr-termurah?extParam=ivf%3Dfalse%26keyword%3Dcoconut+sugar%26src%3Dsearch",
    "search_query":"coconut sugar",
    "weight_kg":0.25,
    "price_per_kg":156800.0,
    "0":null,
    "1":null
  },
  {
    "_id":{
      "$oid":"684908867013c07662ad8df5"
    },
    "timestamp_scrape":"2025-06-11T11:38:40.469793",
    "ecommerce":"Tokopedia",
    "product_name":"Nucifera, Organic White Coconut Sugar 250Gr",
    "price_raw":"Rp40.000",
    "price_clean":40000.0,
    "shop_name":"miranaifa",
    "location":"Lokasi tidak tersedia",
    "sold_count_raw":"0 terjual",
    "sold_count_clean":0.0,
    "product_url":"https:\/\/www.tokopedia.com\/miranaifa\/nucifera-organic-white-coconut-sugar-250gr?extParam=ivf%3Dfalse%26keyword%3Dcoconut+sugar%26src%3Dsearch",
    "search_query":"coconut sugar",
    "weight_kg":0.25,
    "price_per_kg":160000.0,
    "0":null,
    "1":null
  },
  {
    "_id":{
      "$oid":"684908867013c07662ad8df6"
    },
    "timestamp_scrape":"2025-06-11T11:38:41.820209",
    "ecommerce":"Tokopedia",
    "product_name":"nucifera white coconut sugar organic\/gula kelapa putih nucifera 250 gr .RICH",
    "price_raw":"Rp34.000",
    "price_clean":34000.0,
    "shop_name":"onyourstore",
    "location":"Lokasi tidak tersedia",
    "sold_count_raw":"0 terjual",
    "sold_count_clean":0.0,
    "product_url":"https:\/\/www.tokopedia.com\/onyourstore\/nucifera-white-coconut-sugar-organic-gula-kelapa-putih-nucifera-250-gr-rich-1730886415190558435?extParam=ivf%3Dfalse%26keyword%3Dcoconut+sugar%26src%3Dsearch",
    "search_query":"coconut sugar",
    "weight_kg":0.25,
    "price_per_kg":136000.0,
    "0":null,
    "1":null
  },
  {
    "_id":{
      "$oid":"684908867013c07662ad8df7"
    },
    "timestamp_scrape":"2025-06-11T11:38:43.177820",
    "ecommerce":"Tokopedia",
    "product_name":"(Masterpiece) Nourish Indonesia, Organic Coconut Sugar 500gr",
    "price_raw":"Rp47.000",
    "price_clean":47000.0,
    "shop_name":"kurniawatiiiiii",
    "location":"Lokasi tidak tersedia",
    "sold_count_raw":"0 terjual",
    "sold_count_clean":0.0,
    "product_url":"https:\/\/www.tokopedia.com\/kurniawatiiiiii\/masterpiece-nourish-indonesia-organic-coconut-sugar-500gr-1731150676069418530?extParam=ivf%3Dfalse%26keyword%3Dcoconut+sugar%26src%3Dsearch",
    "search_query":"coconut sugar",
    "weight_kg":0.5,
    "price_per_kg":94000.0,
    "0":null,
    "1":null
  },
  {
    "_id":{
      "$oid":"684908867013c07662ad8df8"
    },
    "timestamp_scrape":"2025-06-11T11:38:44.525767",
    "ecommerce":"Tokopedia",
    "product_name":"Nourish Indonesia, Organic Coconut Sugar 500gr",
    "price_raw":"Rp38.000",
    "price_clean":38000.0,
    "shop_name":"famicell",
    "location":"Lokasi tidak tersedia",
    "sold_count_raw":"0 terjual",
    "sold_count_clean":0.0,
    "product_url":"https:\/\/www.tokopedia.com\/famicell-1\/nourish-indonesia-organic-coconut-sugar-500gr?extParam=ivf%3Dfalse%26keyword%3Dcoconut+sugar%26src%3Dsearch",
    "search_query":"coconut sugar",
    "weight_kg":0.5,
    "price_per_kg":76000.0,
    "0":null,
    "1":null
  },
  {
    "_id":{
      "$oid":"684908867013c07662ad8df9"
    },
    "timestamp_scrape":"2025-06-11T11:38:45.898123",
    "ecommerce":"Tokopedia",
    "product_name":"HOUSE OF ORGANIX BERAS KENCUR + COCONUT SUGAR 200 GR",
    "price_raw":"Rp35.000",
    "price_clean":35000.0,
    "shop_name":"JAKSTOREGROSIR",
    "location":"Lokasi tidak tersedia",
    "sold_count_raw":"0 terjual",
    "sold_count_clean":0.0,
    "product_url":"https:\/\/www.tokopedia.com\/jakstoregrosir\/house-of-organix-beras-kencur-coconut-sugar-200-gr-1731196049506666447?extParam=ivf%3Dfalse%26keyword%3Dcoconut+sugar%26src%3Dsearch",
    "search_query":"coconut sugar",
    "weight_kg":0.2,
    "price_per_kg":175000.0,
    "0":null,
    "1":null
  },
  {
    "_id":{
      "$oid":"684908867013c07662ad8dfa"
    },
    "timestamp_scrape":"2025-06-11T11:38:47.187588",
    "ecommerce":"Tokopedia",
    "product_name":"Ladang Lima - BLACKTHINS Healty Cookies With Flax Seed & Coconut Sugar",
    "price_raw":"Rp57.000",
    "price_clean":57000.0,
    "shop_name":"OLAHSUSU",
    "location":"Lokasi tidak tersedia",
    "sold_count_raw":"0 terjual",
    "sold_count_clean":0.0,
    "product_url":"https:\/\/www.tokopedia.com\/taqila\/ladang-lima-blackthins-healty-cookies-with-flax-seed-coconut-sugar-blackthins-100g-39c19?extParam=ivf%3Dfalse%26keyword%3Dcoconut+sugar%26src%3Dsearch",
    "search_query":"coconut sugar",
    "weight_kg":null,
    "price_per_kg":null,
    "0":null,
    "1":null
  },
  {
    "_id":{
      "$oid":"684908867013c07662ad8dfb"
    },
    "timestamp_scrape":"2025-06-11T11:38:48.561485",
    "ecommerce":"Tokopedia",
    "product_name":"Tukuyuu Organic Coconut Sugar \/ Gula Kelapa Organik - 1000G",
    "price_raw":"Rp130.000",
    "price_clean":130000.0,
    "shop_name":"tokotokoan90",
    "location":"Lokasi tidak tersedia",
    "sold_count_raw":"0 terjual",
    "sold_count_clean":0.0,
    "product_url":"https:\/\/www.tokopedia.com\/tokoasalan2006\/tukuyuu-organic-coconut-sugar-gula-kelapa-organik-1000g?extParam=ivf%3Dfalse%26keyword%3Dcoconut+sugar%26src%3Dsearch",
    "search_query":"coconut sugar",
    "weight_kg":1.0,
    "price_per_kg":130000.0,
    "0":null,
    "1":null
  },
  {
    "_id":{
      "$oid":"684908867013c07662ad8dfc"
    },
    "timestamp_scrape":"2025-06-11T11:38:49.177166",
    "ecommerce":"Tokopedia",
    "product_name":"M4Y4R. Palmsuiker Prima \/ Palm Sugar \/ Coconut Sugar",
    "price_raw":"Rp45.000",
    "price_clean":45000.0,
    "shop_name":"Grosir Popi",
    "location":"Lokasi tidak tersedia",
    "sold_count_raw":"1 terjual",
    "sold_count_clean":1.0,
    "product_url":"https:\/\/www.tokopedia.com\/grosirpopi\/m4y4r-palmsuiker-prima-palm-sugar-coconut-sugar?extParam=ivf%3Dfalse%26keyword%3Dcoconut+sugar%26src%3Dsearch",
    "search_query":"coconut sugar",
    "weight_kg":null,
    "price_per_kg":null,
    "0":null,
    "1":null
  },
  {
    "_id":{
      "$oid":"684908867013c07662ad8dfd"
    },
    "timestamp_scrape":"2025-06-11T11:38:50.517329",
    "ecommerce":"Tokopedia",
    "product_name":"YG4 Singabera Organic Coconut Sugar Gula Kelapa Organik Pouch Box 1 pcs",
    "price_raw":"Rp2.000",
    "price_clean":2000.0,
    "shop_name":"WQRSA009",
    "location":"Lokasi tidak tersedia",
    "sold_count_raw":"0 terjual",
    "sold_count_clean":0.0,
    "product_url":"https:\/\/www.tokopedia.com\/wqrsa009\/yg4-singabera-organic-coconut-sugar-gula-kelapa-organik-pouch-box-1-pcs?extParam=ivf%3Dfalse%26keyword%3Dcoconut+sugar%26src%3Dsearch",
    "search_query":"coconut sugar",
    "weight_kg":null,
    "price_per_kg":null,
    "0":null,
    "1":null
  },
  {
    "_id":{
      "$oid":"684908867013c07662ad8dfe"
    },
    "timestamp_scrape":"2025-06-11T11:38:51.671424",
    "ecommerce":"Tokopedia",
    "product_name":"E1858 House Of Organix Organic Coconut Sugar 1 Kg",
    "price_raw":"Rp100.000",
    "price_clean":100000.0,
    "shop_name":"arshiladamayanti",
    "location":"Lokasi tidak tersedia",
    "sold_count_raw":"0 terjual",
    "sold_count_clean":0.0,
    "product_url":"https:\/\/www.tokopedia.com\/arshiladamayanti\/e1858-house-of-organix-organic-coconut-sugar-1-kg?extParam=ivf%3Dfalse%26keyword%3Dcoconut+sugar%26src%3Dsearch",
    "search_query":"coconut sugar",
    "weight_kg":1.0,
    "price_per_kg":100000.0,
    "0":null,
    "1":null
  },
  {
    "_id":{
      "$oid":"684908867013c07662ad8e01"
    },
    "timestamp_scrape":"2025-06-11T11:39:18.328211",
    "ecommerce":"Tokopedia",
    "product_name":"gula semut palm sugar kristal coconut atau palm sugar",
    "price_raw":"Rp10.500",
    "price_clean":10500.0,
    "shop_name":"melimpah berkah",
    "location":"Lokasi tidak tersedia",
    "sold_count_raw":"1 terjual",
    "sold_count_clean":1.0,
    "product_url":"https:\/\/www.tokopedia.com\/melimpahberkah\/gula-semut-palm-sugar-kristal-coconut-atau-palm-sugar?extParam=ivf%3Dfalse%26keyword%3Dcoconut+sugar%26src%3Dsearch",
    "search_query":"coconut sugar",
    "weight_kg":null,
    "price_per_kg":null,
    "0":null,
    "1":null
  },
  {
    "_id":{
      "$oid":"684908867013c07662ad8e02"
    },
    "timestamp_scrape":"2025-06-11T11:39:19.614542",
    "ecommerce":"Tokopedia",
    "product_name":"TERLARIS House Of Organix Kunyit Asam + Coconut Sugar 200 Gr",
    "price_raw":"Rp35.000",
    "price_clean":35000.0,
    "shop_name":"Natsmart",
    "location":"Lokasi tidak tersedia",
    "sold_count_raw":"0 terjual",
    "sold_count_clean":0.0,
    "product_url":"https:\/\/www.tokopedia.com\/natsmart\/terlaris-house-of-organix-kunyit-asam-coconut-sugar-200-gr-1730818545111893901?extParam=ivf%3Dfalse%26keyword%3Dcoconut+sugar%26src%3Dsearch",
    "search_query":"coconut sugar",
    "weight_kg":0.2,
    "price_per_kg":175000.0,
    "0":null,
    "1":null
  },
  {
    "_id":{
      "$oid":"684908867013c07662ad8e04"
    },
    "timestamp_scrape":"2025-06-11T11:39:21.585705",
    "ecommerce":"Tokopedia",
    "product_name":"Organic Coconut Sugar 1Kg Gula Kelapa Organik ( Gula Semut ) - Rainafa",
    "price_raw":"Rp75.000",
    "price_clean":75000.0,
    "shop_name":"enjumcel",
    "location":"Lokasi tidak tersedia",
    "sold_count_raw":"0 terjual",
    "sold_count_clean":0.0,
    "product_url":"https:\/\/www.tokopedia.com\/enjumcel-2\/organic-coconut-sugar-1kg-gula-kelapa-organik-gula-semut-rainafa-1730815769119327829?extParam=ivf%3Dfalse%26keyword%3Dcoconut+sugar%26src%3Dsearch",
    "search_query":"coconut sugar",
    "weight_kg":1.0,
    "price_per_kg":75000.0,
    "0":null,
    "1":null
  },
  {
    "_id":{
      "$oid":"684908867013c07662ad8e05"
    },
    "timestamp_scrape":"2025-06-11T11:39:22.924095",
    "ecommerce":"Tokopedia",
    "product_name":"Tukuyuu Haldinfoods Gula Kelapa Organik Bubuk Organic Coconut Sugar - 1 Kg",
    "price_raw":"Rp153.000",
    "price_clean":153000.0,
    "shop_name":"tokotokoan90",
    "location":"Lokasi tidak tersedia",
    "sold_count_raw":"0 terjual",
    "sold_count_clean":0.0,
    "product_url":"https:\/\/www.tokopedia.com\/tokoasalan2006\/tukuyuu-haldinfoods-gula-kelapa-organik-bubuk-organic-coconut-sugar-1-kg?extParam=ivf%3Dfalse%26keyword%3Dcoconut+sugar%26src%3Dsearch",
    "search_query":"coconut sugar",
    "weight_kg":1.0,
    "price_per_kg":153000.0,
    "0":null,
    "1":null
  },
  {
    "_id":{
      "$oid":"684908867013c07662ad8e07"
    },
    "timestamp_scrape":"2025-06-11T11:39:24.867050",
    "ecommerce":"Tokopedia",
    "product_name":"Palmer'S Cocoa Butter Formula Coconut Sugar Body Scrub 200G",
    "price_raw":"Rp450.000",
    "price_clean":450000.0,
    "shop_name":"Zulmaoktavia",
    "location":"Lokasi tidak tersedia",
    "sold_count_raw":"0 terjual",
    "sold_count_clean":0.0,
    "product_url":"https:\/\/www.tokopedia.com\/zulmaoktavia\/palmer-s-cocoa-butter-formula-coconut-sugar-body-scrub-200g-1730766615060776122?extParam=ivf%3Dfalse%26keyword%3Dcoconut+sugar%26src%3Dsearch",
    "search_query":"coconut sugar",
    "weight_kg":0.2,
    "price_per_kg":2250000.0,
    "0":null,
    "1":null
  },
  {
    "_id":{
      "$oid":"684908867013c07662ad8e08"
    },
    "timestamp_scrape":"2025-06-11T11:39:26.144737",
    "ecommerce":"Tokopedia",
    "product_name":"Product Terbaru Coconut Sugar\/Gula Merah\/Gula Jawa\/Gula Cetak\/Gula",
    "price_raw":"Rp95.000",
    "price_clean":95000.0,
    "shop_name":"lakshanshop",
    "location":"Lokasi tidak tersedia",
    "sold_count_raw":"0 terjual",
    "sold_count_clean":0.0,
    "product_url":"https:\/\/www.tokopedia.com\/lakshansh\/product-terbaru-coconut-sugar-gula-merah-gula-jawa-gula-cetak-gula?extParam=ivf%3Dfalse%26keyword%3Dcoconut+sugar%26src%3Dsearch",
    "search_query":"coconut sugar",
    "weight_kg":null,
    "price_per_kg":null,
    "0":null,
    "1":null
  },
  {
    "_id":{
      "$oid":"684908867013c07662ad8e09"
    },
    "timestamp_scrape":"2025-06-11T11:39:27.502519",
    "ecommerce":"Tokopedia",
    "product_name":"Hays Granola All Variant 1Kg Dengan Almond Mede Cranberry Raisin Organic Coconut Sugar 1000 G",
    "price_raw":"Rp212.700",
    "price_clean":212700.0,
    "shop_name":"CV WIJAYA RAYA",
    "location":"Lokasi tidak tersedia",
    "sold_count_raw":"0 terjual",
    "sold_count_clean":0.0,
    "product_url":"https:\/\/www.tokopedia.com\/cwijaya-1\/hays-granola-all-variant-1kg-dengan-almond-mede-cranberry-raisin-organic-coconut-sugar-1000-g-1731200297409283366?extParam=ivf%3Dfalse%26keyword%3Dcoconut+sugar%26src%3Dsearch",
    "search_query":"coconut sugar",
    "weight_kg":1.0,
    "price_per_kg":212700.0,
    "0":null,
    "1":null
  },
  {
    "_id":{
      "$oid":"684908867013c07662ad8e0a"
    },
    "timestamp_scrape":"2025-06-11T11:39:28.107384",
    "ecommerce":"Tokopedia",
    "product_name":"White coconut sugar organic Nucifera 1kg",
    "price_raw":"Rp116.000",
    "price_clean":116000.0,
    "shop_name":"clarissayunitasari",
    "location":"Lokasi tidak tersedia",
    "sold_count_raw":"1 terjual",
    "sold_count_clean":1.0,
    "product_url":"https:\/\/www.tokopedia.com\/clarissayunitasari\/white-coconut-sugar-organic-nucifera-1kg?extParam=ivf%3Dfalse%26keyword%3Dcoconut+sugar%26src%3Dsearch",
    "search_query":"coconut sugar",
    "weight_kg":1.0,
    "price_per_kg":116000.0,
    "0":null,
    "1":null
  },
  {
    "_id":{
      "$oid":"684908867013c07662ad8e0b"
    },
    "timestamp_scrape":"2025-06-11T11:39:29.373834",
    "ecommerce":"Tokopedia",
    "product_name":"NEW ! SINGABERA ORGANIC COCONUT SUGAR (GULA KELAPA ORGANIK) - 2 POUCH",
    "price_raw":"Rp121.000",
    "price_clean":121000.0,
    "shop_name":"Fullers Shop",
    "location":"Lokasi tidak tersedia",
    "sold_count_raw":"0 terjual",
    "sold_count_clean":0.0,
    "product_url":"https:\/\/www.tokopedia.com\/fullers-shop\/new-singabera-organic-coconut-sugar-gula-kelapa-organik-2-pouch?extParam=ivf%3Dfalse%26keyword%3Dcoconut+sugar%26src%3Dsearch",
    "search_query":"coconut sugar",
    "weight_kg":null,
    "price_per_kg":null,
    "0":null,
    "1":null
  },
  {
    "_id":{
      "$oid":"684908867013c07662ad8e0c"
    },
    "timestamp_scrape":"2025-06-11T11:39:30.697291",
    "ecommerce":"Tokopedia",
    "product_name":"singabera organic coconut sugar 1kg (**)",
    "price_raw":"Rp71.000",
    "price_clean":71000.0,
    "shop_name":"Sriyani9843",
    "location":"Lokasi tidak tersedia",
    "sold_count_raw":"0 terjual",
    "sold_count_clean":0.0,
    "product_url":"https:\/\/www.tokopedia.com\/sriyani9843\/singabera-organic-coconut-sugar-1kg?extParam=ivf%3Dfalse%26keyword%3Dcoconut+sugar%26src%3Dsearch",
    "search_query":"coconut sugar",
    "weight_kg":1.0,
    "price_per_kg":71000.0,
    "0":null,
    "1":null
  },
  {
    "_id":{
      "$oid":"684908867013c07662ad8e0d"
    },
    "timestamp_scrape":"2025-06-11T11:39:32.014852",
    "ecommerce":"Tokopedia",
    "product_name":"Singabera Premium 1Kg Organic Coconut Sugar Gula Kelapa Organik Pouch",
    "price_raw":"Rp188.000",
    "price_clean":188000.0,
    "shop_name":"IKHWAN Store.",
    "location":"Lokasi tidak tersedia",
    "sold_count_raw":"0 terjual",
    "sold_count_clean":0.0,
    "product_url":"https:\/\/www.tokopedia.com\/madskie\/singabera-premium-1kg-organic-coconut-sugar-gula-kelapa-organik-pouch?extParam=ivf%3Dfalse%26keyword%3Dcoconut+sugar%26src%3Dsearch",
    "search_query":"coconut sugar",
    "weight_kg":1.0,
    "price_per_kg":188000.0,
    "0":null,
    "1":null
  },
  {
    "_id":null,
    "timestamp_scrape":null,
    "ecommerce":null,
    "product_name":null,
    "price_raw":null,
    "price_clean":null,
    "shop_name":null,
    "location":null,
    "sold_count_raw":null,
    "sold_count_clean":null,
    "product_url":null,
    "search_query":null,
    "weight_kg":null,
    "price_per_kg":null,
    "0":"lain",
    "1":"organik"
  },
  {
    "_id":null,
    "timestamp_scrape":null,
    "ecommerce":null,
    "product_name":null,
    "price_raw":null,
    "price_clean":null,
    "shop_name":null,
    "location":null,
    "sold_count_raw":null,
    "sold_count_clean":null,
    "product_url":null,
    "search_query":null,
    "weight_kg":null,
    "price_per_kg":null,
    "0":"lain",
    "1":"organik"
  },
  {
    "_id":null,
    "timestamp_scrape":null,
    "ecommerce":null,
    "product_name":null,
    "price_raw":null,
    "price_clean":null,
    "shop_name":null,
    "location":null,
    "sold_count_raw":null,
    "sold_count_clean":null,
    "product_url":null,
    "search_query":null,
    "weight_kg":null,
    "price_per_kg":null,
    "0":"bubuk",
    "1":"organik"
  },
  {
    "_id":null,
    "timestamp_scrape":null,
    "ecommerce":null,
    "product_name":null,
    "price_raw":null,
    "price_clean":null,
    "shop_name":null,
    "location":null,
    "sold_count_raw":null,
    "sold_count_clean":null,
    "product_url":null,
    "search_query":null,
    "weight_kg":null,
    "price_per_kg":null,
    "0":"lain",
    "1":"umum"
  },
  {
    "_id":null,
    "timestamp_scrape":null,
    "ecommerce":null,
    "product_name":null,
    "price_raw":null,
    "price_clean":null,
    "shop_name":null,
    "location":null,
    "sold_count_raw":null,
    "sold_count_clean":null,
    "product_url":null,
    "search_query":null,
    "weight_kg":null,
    "price_per_kg":null,
    "0":"lain",
    "1":"organik"
  },
  {
    "_id":null,
    "timestamp_scrape":null,
    "ecommerce":null,
    "product_name":null,
    "price_raw":null,
    "price_clean":null,
    "shop_name":null,
    "location":null,
    "sold_count_raw":null,
    "sold_count_clean":null,
    "product_url":null,
    "search_query":null,
    "weight_kg":null,
    "price_per_kg":null,
    "0":"lain",
    "1":"organik"
  },
  {
    "_id":null,
    "timestamp_scrape":null,
    "ecommerce":null,
    "product_name":null,
    "price_raw":null,
    "price_clean":null,
    "shop_name":null,
    "location":null,
    "sold_count_raw":null,
    "sold_count_clean":null,
    "product_url":null,
    "search_query":null,
    "weight_kg":null,
    "price_per_kg":null,
    "0":"lain",
    "1":"umum"
  },
  {
    "_id":null,
    "timestamp_scrape":null,
    "ecommerce":null,
    "product_name":null,
    "price_raw":null,
    "price_clean":null,
    "shop_name":null,
    "location":null,
    "sold_count_raw":null,
    "sold_count_clean":null,
    "product_url":null,
    "search_query":null,
    "weight_kg":null,
    "price_per_kg":null,
    "0":"lain",
    "1":"organik"
  },
  {
    "_id":null,
    "timestamp_scrape":null,
    "ecommerce":null,
    "product_name":null,
    "price_raw":null,
    "price_clean":null,
    "shop_name":null,
    "location":null,
    "sold_count_raw":null,
    "sold_count_clean":null,
    "product_url":null,
    "search_query":null,
    "weight_kg":null,
    "price_per_kg":null,
    "0":"lain",
    "1":"umum"
  },
  {
    "_id":null,
    "timestamp_scrape":null,
    "ecommerce":null,
    "product_name":null,
    "price_raw":null,
    "price_clean":null,
    "shop_name":null,
    "location":null,
    "sold_count_raw":null,
    "sold_count_clean":null,
    "product_url":null,
    "search_query":null,
    "weight_kg":null,
    "price_per_kg":null,
    "0":"lain",
    "1":"organik"
  },
  {
    "_id":null,
    "timestamp_scrape":null,
    "ecommerce":null,
    "product_name":null,
    "price_raw":null,
    "price_clean":null,
    "shop_name":null,
    "location":null,
    "sold_count_raw":null,
    "sold_count_clean":null,
    "product_url":null,
    "search_query":null,
    "weight_kg":null,
    "price_per_kg":null,
    "0":"lain",
    "1":"umum"
  },
  {
    "_id":null,
    "timestamp_scrape":null,
    "ecommerce":null,
    "product_name":null,
    "price_raw":null,
    "price_clean":null,
    "shop_name":null,
    "location":null,
    "sold_count_raw":null,
    "sold_count_clean":null,
    "product_url":null,
    "search_query":null,
    "weight_kg":null,
    "price_per_kg":null,
    "0":"lain",
    "1":"umum"
  },
  {
    "_id":null,
    "timestamp_scrape":null,
    "ecommerce":null,
    "product_name":null,
    "price_raw":null,
    "price_clean":null,
    "shop_name":null,
    "location":null,
    "sold_count_raw":null,
    "sold_count_clean":null,
    "product_url":null,
    "search_query":null,
    "weight_kg":null,
    "price_per_kg":null,
    "0":"lain",
    "1":"umum"
  },
  {
    "_id":null,
    "timestamp_scrape":null,
    "ecommerce":null,
    "product_name":null,
    "price_raw":null,
    "price_clean":null,
    "shop_name":null,
    "location":null,
    "sold_count_raw":null,
    "sold_count_clean":null,
    "product_url":null,
    "search_query":null,
    "weight_kg":null,
    "price_per_kg":null,
    "0":"lain",
    "1":"umum"
  },
  {
    "_id":null,
    "timestamp_scrape":null,
    "ecommerce":null,
    "product_name":null,
    "price_raw":null,
    "price_clean":null,
    "shop_name":null,
    "location":null,
    "sold_count_raw":null,
    "sold_count_clean":null,
    "product_url":null,
    "search_query":null,
    "weight_kg":null,
    "price_per_kg":null,
    "0":"lain",
    "1":"umum"
  },
  {
    "_id":null,
    "timestamp_scrape":null,
    "ecommerce":null,
    "product_name":null,
    "price_raw":null,
    "price_clean":null,
    "shop_name":null,
    "location":null,
    "sold_count_raw":null,
    "sold_count_clean":null,
    "product_url":null,
    "search_query":null,
    "weight_kg":null,
    "price_per_kg":null,
    "0":"lain",
    "1":"organik"
  },
  {
    "_id":null,
    "timestamp_scrape":null,
    "ecommerce":null,
    "product_name":null,
    "price_raw":null,
    "price_clean":null,
    "shop_name":null,
    "location":null,
    "sold_count_raw":null,
    "sold_count_clean":null,
    "product_url":null,
    "search_query":null,
    "weight_kg":null,
    "price_per_kg":null,
    "0":"lain",
    "1":"umum"
  },
  {
    "_id":null,
    "timestamp_scrape":null,
    "ecommerce":null,
    "product_name":null,
    "price_raw":null,
    "price_clean":null,
    "shop_name":null,
    "location":null,
    "sold_count_raw":null,
    "sold_count_clean":null,
    "product_url":null,
    "search_query":null,
    "weight_kg":null,
    "price_per_kg":null,
    "0":"lain",
    "1":"organik"
  },
  {
    "_id":null,
    "timestamp_scrape":null,
    "ecommerce":null,
    "product_name":null,
    "price_raw":null,
    "price_clean":null,
    "shop_name":null,
    "location":null,
    "sold_count_raw":null,
    "sold_count_clean":null,
    "product_url":null,
    "search_query":null,
    "weight_kg":null,
    "price_per_kg":null,
    "0":"lain",
    "1":"umum"
  },
  {
    "_id":null,
    "timestamp_scrape":null,
    "ecommerce":null,
    "product_name":null,
    "price_raw":null,
    "price_clean":null,
    "shop_name":null,
    "location":null,
    "sold_count_raw":null,
    "sold_count_clean":null,
    "product_url":null,
    "search_query":null,
    "weight_kg":null,
    "price_per_kg":null,
    "0":"lain",
    "1":"umum"
  },
  {
    "_id":null,
    "timestamp_scrape":null,
    "ecommerce":null,
    "product_name":null,
    "price_raw":null,
    "price_clean":null,
    "shop_name":null,
    "location":null,
    "sold_count_raw":null,
    "sold_count_clean":null,
    "product_url":null,
    "search_query":null,
    "weight_kg":null,
    "price_per_kg":null,
    "0":"bubuk",
    "1":"organik"
  },
  {
    "_id":null,
    "timestamp_scrape":null,
    "ecommerce":null,
    "product_name":null,
    "price_raw":null,
    "price_clean":null,
    "shop_name":null,
    "location":null,
    "sold_count_raw":null,
    "sold_count_clean":null,
    "product_url":null,
    "search_query":null,
    "weight_kg":null,
    "price_per_kg":null,
    "0":"lain",
    "1":"umum"
  },
  {
    "_id":null,
    "timestamp_scrape":null,
    "ecommerce":null,
    "product_name":null,
    "price_raw":null,
    "price_clean":null,
    "shop_name":null,
    "location":null,
    "sold_count_raw":null,
    "sold_count_clean":null,
    "product_url":null,
    "search_query":null,
    "weight_kg":null,
    "price_per_kg":null,
    "0":"lain",
    "1":"organik"
  },
  {
    "_id":null,
    "timestamp_scrape":null,
    "ecommerce":null,
    "product_name":null,
    "price_raw":null,
    "price_clean":null,
    "shop_name":null,
    "location":null,
    "sold_count_raw":null,
    "sold_count_clean":null,
    "product_url":null,
    "search_query":null,
    "weight_kg":null,
    "price_per_kg":null,
    "0":"lain",
    "1":"umum"
  },
  {
    "_id":null,
    "timestamp_scrape":null,
    "ecommerce":null,
    "product_name":null,
    "price_raw":null,
    "price_clean":null,
    "shop_name":null,
    "location":null,
    "sold_count_raw":null,
    "sold_count_clean":null,
    "product_url":null,
    "search_query":null,
    "weight_kg":null,
    "price_per_kg":null,
    "0":"lain",
    "1":"umum"
  },
  {
    "_id":null,
    "timestamp_scrape":null,
    "ecommerce":null,
    "product_name":null,
    "price_raw":null,
    "price_clean":null,
    "shop_name":null,
    "location":null,
    "sold_count_raw":null,
    "sold_count_clean":null,
    "product_url":null,
    "search_query":null,
    "weight_kg":null,
    "price_per_kg":null,
    "0":"lain",
    "1":"umum"
  },
  {
    "_id":null,
    "timestamp_scrape":null,
    "ecommerce":null,
    "product_name":null,
    "price_raw":null,
    "price_clean":null,
    "shop_name":null,
    "location":null,
    "sold_count_raw":null,
    "sold_count_clean":null,
    "product_url":null,
    "search_query":null,
    "weight_kg":null,
    "price_per_kg":null,
    "0":"bubuk",
    "1":"organik"
  },
  {
    "_id":null,
    "timestamp_scrape":null,
    "ecommerce":null,
    "product_name":null,
    "price_raw":null,
    "price_clean":null,
    "shop_name":null,
    "location":null,
    "sold_count_raw":null,
    "sold_count_clean":null,
    "product_url":null,
    "search_query":null,
    "weight_kg":null,
    "price_per_kg":null,
    "0":"cair",
    "1":"organik"
  },
  {
    "_id":null,
    "timestamp_scrape":null,
    "ecommerce":null,
    "product_name":null,
    "price_raw":null,
    "price_clean":null,
    "shop_name":null,
    "location":null,
    "sold_count_raw":null,
    "sold_count_clean":null,
    "product_url":null,
    "search_query":null,
    "weight_kg":null,
    "price_per_kg":null,
    "0":"lain",
    "1":"organik"
  },
  {
    "_id":null,
    "timestamp_scrape":null,
    "ecommerce":null,
    "product_name":null,
    "price_raw":null,
    "price_clean":null,
    "shop_name":null,
    "location":null,
    "sold_count_raw":null,
    "sold_count_clean":null,
    "product_url":null,
    "search_query":null,
    "weight_kg":null,
    "price_per_kg":null,
    "0":"bubuk",
    "1":"umum"
  },
  {
    "_id":null,
    "timestamp_scrape":null,
    "ecommerce":null,
    "product_name":null,
    "price_raw":null,
    "price_clean":null,
    "shop_name":null,
    "location":null,
    "sold_count_raw":null,
    "sold_count_clean":null,
    "product_url":null,
    "search_query":null,
    "weight_kg":null,
    "price_per_kg":null,
    "0":"lain",
    "1":"organik"
  },
  {
    "_id":null,
    "timestamp_scrape":null,
    "ecommerce":null,
    "product_name":null,
    "price_raw":null,
    "price_clean":null,
    "shop_name":null,
    "location":null,
    "sold_count_raw":null,
    "sold_count_clean":null,
    "product_url":null,
    "search_query":null,
    "weight_kg":null,
    "price_per_kg":null,
    "0":"lain",
    "1":"umum"
  },
  {
    "_id":null,
    "timestamp_scrape":null,
    "ecommerce":null,
    "product_name":null,
    "price_raw":null,
    "price_clean":null,
    "shop_name":null,
    "location":null,
    "sold_count_raw":null,
    "sold_count_clean":null,
    "product_url":null,
    "search_query":null,
    "weight_kg":null,
    "price_per_kg":null,
    "0":"lain",
    "1":"umum"
  },
  {
    "_id":null,
    "timestamp_scrape":null,
    "ecommerce":null,
    "product_name":null,
    "price_raw":null,
    "price_clean":null,
    "shop_name":null,
    "location":null,
    "sold_count_raw":null,
    "sold_count_clean":null,
    "product_url":null,
    "search_query":null,
    "weight_kg":null,
    "price_per_kg":null,
    "0":"lain",
    "1":"organik"
  },
  {
    "_id":null,
    "timestamp_scrape":null,
    "ecommerce":null,
    "product_name":null,
    "price_raw":null,
    "price_clean":null,
    "shop_name":null,
    "location":null,
    "sold_count_raw":null,
    "sold_count_clean":null,
    "product_url":null,
    "search_query":null,
    "weight_kg":null,
    "price_per_kg":null,
    "0":"cair",
    "1":"umum"
  },
  {
    "_id":null,
    "timestamp_scrape":null,
    "ecommerce":null,
    "product_name":null,
    "price_raw":null,
    "price_clean":null,
    "shop_name":null,
    "location":null,
    "sold_count_raw":null,
    "sold_count_clean":null,
    "product_url":null,
    "search_query":null,
    "weight_kg":null,
    "price_per_kg":null,
    "0":"lain",
    "1":"umum"
  },
  {
    "_id":null,
    "timestamp_scrape":null,
    "ecommerce":null,
    "product_name":null,
    "price_raw":null,
    "price_clean":null,
    "shop_name":null,
    "location":null,
    "sold_count_raw":null,
    "sold_count_clean":null,
    "product_url":null,
    "search_query":null,
    "weight_kg":null,
    "price_per_kg":null,
    "0":"bubuk",
    "1":"umum"
  },
  {
    "_id":null,
    "timestamp_scrape":null,
    "ecommerce":null,
    "product_name":null,
    "price_raw":null,
    "price_clean":null,
    "shop_name":null,
    "location":null,
    "sold_count_raw":null,
    "sold_count_clean":null,
    "product_url":null,
    "search_query":null,
    "weight_kg":null,
    "price_per_kg":null,
    "0":"lain",
    "1":"umum"
  },
  {
    "_id":null,
    "timestamp_scrape":null,
    "ecommerce":null,
    "product_name":null,
    "price_raw":null,
    "price_clean":null,
    "shop_name":null,
    "location":null,
    "sold_count_raw":null,
    "sold_count_clean":null,
    "product_url":null,
    "search_query":null,
    "weight_kg":null,
    "price_per_kg":null,
    "0":"lain",
    "1":"umum"
  },
  {
    "_id":null,
    "timestamp_scrape":null,
    "ecommerce":null,
    "product_name":null,
    "price_raw":null,
    "price_clean":null,
    "shop_name":null,
    "location":null,
    "sold_count_raw":null,
    "sold_count_clean":null,
    "product_url":null,
    "search_query":null,
    "weight_kg":null,
    "price_per_kg":null,
    "0":"lain",
    "1":"umum"
  },
  {
    "_id":null,
    "timestamp_scrape":null,
    "ecommerce":null,
    "product_name":null,
    "price_raw":null,
    "price_clean":null,
    "shop_name":null,
    "location":null,
    "sold_count_raw":null,
    "sold_count_clean":null,
    "product_url":null,
    "search_query":null,
    "weight_kg":null,
    "price_per_kg":null,
    "0":"lain",
    "1":"umum"
  },
  {
    "_id":null,
    "timestamp_scrape":null,
    "ecommerce":null,
    "product_name":null,
    "price_raw":null,
    "price_clean":null,
    "shop_name":null,
    "location":null,
    "sold_count_raw":null,
    "sold_count_clean":null,
    "product_url":null,
    "search_query":null,
    "weight_kg":null,
    "price_per_kg":null,
    "0":"lain",
    "1":"umum"
  },
  {
    "_id":null,
    "timestamp_scrape":null,
    "ecommerce":null,
    "product_name":null,
    "price_raw":null,
    "price_clean":null,
    "shop_name":null,
    "location":null,
    "sold_count_raw":null,
    "sold_count_clean":null,
    "product_url":null,
    "search_query":null,
    "weight_kg":null,
    "price_per_kg":null,
    "0":"lain",
    "1":"umum"
  },
  {
    "_id":null,
    "timestamp_scrape":null,
    "ecommerce":null,
    "product_name":null,
    "price_raw":null,
    "price_clean":null,
    "shop_name":null,
    "location":null,
    "sold_count_raw":null,
    "sold_count_clean":null,
    "product_url":null,
    "search_query":null,
    "weight_kg":null,
    "price_per_kg":null,
    "0":"lain",
    "1":"umum"
  },
  {
    "_id":null,
    "timestamp_scrape":null,
    "ecommerce":null,
    "product_name":null,
    "price_raw":null,
    "price_clean":null,
    "shop_name":null,
    "location":null,
    "sold_count_raw":null,
    "sold_count_clean":null,
    "product_url":null,
    "search_query":null,
    "weight_kg":null,
    "price_per_kg":null,
    "0":"lain",
    "1":"umum"
  },
  {
    "_id":null,
    "timestamp_scrape":null,
    "ecommerce":null,
    "product_name":null,
    "price_raw":null,
    "price_clean":null,
    "shop_name":null,
    "location":null,
    "sold_count_raw":null,
    "sold_count_clean":null,
    "product_url":null,
    "search_query":null,
    "weight_kg":null,
    "price_per_kg":null,
    "0":"lain",
    "1":"umum"
  },
  {
    "_id":null,
    "timestamp_scrape":null,
    "ecommerce":null,
    "product_name":null,
    "price_raw":null,
    "price_clean":null,
    "shop_name":null,
    "location":null,
    "sold_count_raw":null,
    "sold_count_clean":null,
    "product_url":null,
    "search_query":null,
    "weight_kg":null,
    "price_per_kg":null,
    "0":"lain",
    "1":"organik"
  },
  {
    "_id":null,
    "timestamp_scrape":null,
    "ecommerce":null,
    "product_name":null,
    "price_raw":null,
    "price_clean":null,
    "shop_name":null,
    "location":null,
    "sold_count_raw":null,
    "sold_count_clean":null,
    "product_url":null,
    "search_query":null,
    "weight_kg":null,
    "price_per_kg":null,
    "0":"lain",
    "1":"umum"
  },
  {
    "_id":null,
    "timestamp_scrape":null,
    "ecommerce":null,
    "product_name":null,
    "price_raw":null,
    "price_clean":null,
    "shop_name":null,
    "location":null,
    "sold_count_raw":null,
    "sold_count_clean":null,
    "product_url":null,
    "search_query":null,
    "weight_kg":null,
    "price_per_kg":null,
    "0":"lain",
    "1":"umum"
  },
  {
    "_id":null,
    "timestamp_scrape":null,
    "ecommerce":null,
    "product_name":null,
    "price_raw":null,
    "price_clean":null,
    "shop_name":null,
    "location":null,
    "sold_count_raw":null,
    "sold_count_clean":null,
    "product_url":null,
    "search_query":null,
    "weight_kg":null,
    "price_per_kg":null,
    "0":"bubuk",
    "1":"umum"
  },
  {
    "_id":null,
    "timestamp_scrape":null,
    "ecommerce":null,
    "product_name":null,
    "price_raw":null,
    "price_clean":null,
    "shop_name":null,
    "location":null,
    "sold_count_raw":null,
    "sold_count_clean":null,
    "product_url":null,
    "search_query":null,
    "weight_kg":null,
    "price_per_kg":null,
    "0":"lain",
    "1":"umum"
  },
  {
    "_id":null,
    "timestamp_scrape":null,
    "ecommerce":null,
    "product_name":null,
    "price_raw":null,
    "price_clean":null,
    "shop_name":null,
    "location":null,
    "sold_count_raw":null,
    "sold_count_clean":null,
    "product_url":null,
    "search_query":null,
    "weight_kg":null,
    "price_per_kg":null,
    "0":"lain",
    "1":"umum"
  },
  {
    "_id":null,
    "timestamp_scrape":null,
    "ecommerce":null,
    "product_name":null,
    "price_raw":null,
    "price_clean":null,
    "shop_name":null,
    "location":null,
    "sold_count_raw":null,
    "sold_count_clean":null,
    "product_url":null,
    "search_query":null,
    "weight_kg":null,
    "price_per_kg":null,
    "0":"lain",
    "1":"organik"
  },
  {
    "_id":null,
    "timestamp_scrape":null,
    "ecommerce":null,
    "product_name":null,
    "price_raw":null,
    "price_clean":null,
    "shop_name":null,
    "location":null,
    "sold_count_raw":null,
    "sold_count_clean":null,
    "product_url":null,
    "search_query":null,
    "weight_kg":null,
    "price_per_kg":null,
    "0":"lain",
    "1":"umum"
  },
  {
    "_id":null,
    "timestamp_scrape":null,
    "ecommerce":null,
    "product_name":null,
    "price_raw":null,
    "price_clean":null,
    "shop_name":null,
    "location":null,
    "sold_count_raw":null,
    "sold_count_clean":null,
    "product_url":null,
    "search_query":null,
    "weight_kg":null,
    "price_per_kg":null,
    "0":"lain",
    "1":"umum"
  },
  {
    "_id":null,
    "timestamp_scrape":null,
    "ecommerce":null,
    "product_name":null,
    "price_raw":null,
    "price_clean":null,
    "shop_name":null,
    "location":null,
    "sold_count_raw":null,
    "sold_count_clean":null,
    "product_url":null,
    "search_query":null,
    "weight_kg":null,
    "price_per_kg":null,
    "0":"lain",
    "1":"umum"
  },
  {
    "_id":null,
    "timestamp_scrape":null,
    "ecommerce":null,
    "product_name":null,
    "price_raw":null,
    "price_clean":null,
    "shop_name":null,
    "location":null,
    "sold_count_raw":null,
    "sold_count_clean":null,
    "product_url":null,
    "search_query":null,
    "weight_kg":null,
    "price_per_kg":null,
    "0":"lain",
    "1":"umum"
  },
  {
    "_id":null,
    "timestamp_scrape":null,
    "ecommerce":null,
    "product_name":null,
    "price_raw":null,
    "price_clean":null,
    "shop_name":null,
    "location":null,
    "sold_count_raw":null,
    "sold_count_clean":null,
    "product_url":null,
    "search_query":null,
    "weight_kg":null,
    "price_per_kg":null,
    "0":"bubuk",
    "1":"organik"
  },
  {
    "_id":null,
    "timestamp_scrape":null,
    "ecommerce":null,
    "product_name":null,
    "price_raw":null,
    "price_clean":null,
    "shop_name":null,
    "location":null,
    "sold_count_raw":null,
    "sold_count_clean":null,
    "product_url":null,
    "search_query":null,
    "weight_kg":null,
    "price_per_kg":null,
    "0":"lain",
    "1":"umum"
  },
  {
    "_id":null,
    "timestamp_scrape":null,
    "ecommerce":null,
    "product_name":null,
    "price_raw":null,
    "price_clean":null,
    "shop_name":null,
    "location":null,
    "sold_count_raw":null,
    "sold_count_clean":null,
    "product_url":null,
    "search_query":null,
    "weight_kg":null,
    "price_per_kg":null,
    "0":"lain",
    "1":"umum"
  },
  {
    "_id":null,
    "timestamp_scrape":null,
    "ecommerce":null,
    "product_name":null,
    "price_raw":null,
    "price_clean":null,
    "shop_name":null,
    "location":null,
    "sold_count_raw":null,
    "sold_count_clean":null,
    "product_url":null,
    "search_query":null,
    "weight_kg":null,
    "price_per_kg":null,
    "0":"lain",
    "1":"umum"
  },
  {
    "_id":null,
    "timestamp_scrape":null,
    "ecommerce":null,
    "product_name":null,
    "price_raw":null,
    "price_clean":null,
    "shop_name":null,
    "location":null,
    "sold_count_raw":null,
    "sold_count_clean":null,
    "product_url":null,
    "search_query":null,
    "weight_kg":null,
    "price_per_kg":null,
    "0":"lain",
    "1":"umum"
  },
  {
    "_id":null,
    "timestamp_scrape":null,
    "ecommerce":null,
    "product_name":null,
    "price_raw":null,
    "price_clean":null,
    "shop_name":null,
    "location":null,
    "sold_count_raw":null,
    "sold_count_clean":null,
    "product_url":null,
    "search_query":null,
    "weight_kg":null,
    "price_per_kg":null,
    "0":"lain",
    "1":"organik"
  },
  {
    "_id":null,
    "timestamp_scrape":null,
    "ecommerce":null,
    "product_name":null,
    "price_raw":null,
    "price_clean":null,
    "shop_name":null,
    "location":null,
    "sold_count_raw":null,
    "sold_count_clean":null,
    "product_url":null,
    "search_query":null,
    "weight_kg":null,
    "price_per_kg":null,
    "0":"lain",
    "1":"organik"
  },
  {
    "_id":null,
    "timestamp_scrape":null,
    "ecommerce":null,
    "product_name":null,
    "price_raw":null,
    "price_clean":null,
    "shop_name":null,
    "location":null,
    "sold_count_raw":null,
    "sold_count_clean":null,
    "product_url":null,
    "search_query":null,
    "weight_kg":null,
    "price_per_kg":null,
    "0":"cair",
    "1":"umum"
  },
  {
    "_id":null,
    "timestamp_scrape":null,
    "ecommerce":null,
    "product_name":null,
    "price_raw":null,
    "price_clean":null,
    "shop_name":null,
    "location":null,
    "sold_count_raw":null,
    "sold_count_clean":null,
    "product_url":null,
    "search_query":null,
    "weight_kg":null,
    "price_per_kg":null,
    "0":"bubuk",
    "1":"organik"
  },
  {
    "_id":null,
    "timestamp_scrape":null,
    "ecommerce":null,
    "product_name":null,
    "price_raw":null,
    "price_clean":null,
    "shop_name":null,
    "location":null,
    "sold_count_raw":null,
    "sold_count_clean":null,
    "product_url":null,
    "search_query":null,
    "weight_kg":null,
    "price_per_kg":null,
    "0":"lain",
    "1":"umum"
  },
  {
    "_id":null,
    "timestamp_scrape":null,
    "ecommerce":null,
    "product_name":null,
    "price_raw":null,
    "price_clean":null,
    "shop_name":null,
    "location":null,
    "sold_count_raw":null,
    "sold_count_clean":null,
    "product_url":null,
    "search_query":null,
    "weight_kg":null,
    "price_per_kg":null,
    "0":"lain",
    "1":"umum"
  },
  {
    "_id":null,
    "timestamp_scrape":null,
    "ecommerce":null,
    "product_name":null,
    "price_raw":null,
    "price_clean":null,
    "shop_name":null,
    "location":null,
    "sold_count_raw":null,
    "sold_count_clean":null,
    "product_url":null,
    "search_query":null,
    "weight_kg":null,
    "price_per_kg":null,
    "0":"lain",
    "1":"umum"
  },
  {
    "_id":null,
    "timestamp_scrape":null,
    "ecommerce":null,
    "product_name":null,
    "price_raw":null,
    "price_clean":null,
    "shop_name":null,
    "location":null,
    "sold_count_raw":null,
    "sold_count_clean":null,
    "product_url":null,
    "search_query":null,
    "weight_kg":null,
    "price_per_kg":null,
    "0":"bubuk",
    "1":"umum"
  },
  {
    "_id":null,
    "timestamp_scrape":null,
    "ecommerce":null,
    "product_name":null,
    "price_raw":null,
    "price_clean":null,
    "shop_name":null,
    "location":null,
    "sold_count_raw":null,
    "sold_count_clean":null,
    "product_url":null,
    "search_query":null,
    "weight_kg":null,
    "price_per_kg":null,
    "0":"lain",
    "1":"umum"
  },
  {
    "_id":null,
    "timestamp_scrape":null,
    "ecommerce":null,
    "product_name":null,
    "price_raw":null,
    "price_clean":null,
    "shop_name":null,
    "location":null,
    "sold_count_raw":null,
    "sold_count_clean":null,
    "product_url":null,
    "search_query":null,
    "weight_kg":null,
    "price_per_kg":null,
    "0":"lain",
    "1":"umum"
  },
  {
    "_id":null,
    "timestamp_scrape":null,
    "ecommerce":null,
    "product_name":null,
    "price_raw":null,
    "price_clean":null,
    "shop_name":null,
    "location":null,
    "sold_count_raw":null,
    "sold_count_clean":null,
    "product_url":null,
    "search_query":null,
    "weight_kg":null,
    "price_per_kg":null,
    "0":"lain",
    "1":"organik"
  },
  {
    "_id":null,
    "timestamp_scrape":null,
    "ecommerce":null,
    "product_name":null,
    "price_raw":null,
    "price_clean":null,
    "shop_name":null,
    "location":null,
    "sold_count_raw":null,
    "sold_count_clean":null,
    "product_url":null,
    "search_query":null,
    "weight_kg":null,
    "price_per_kg":null,
    "0":"bubuk",
    "1":"organik"
  },
  {
    "_id":null,
    "timestamp_scrape":null,
    "ecommerce":null,
    "product_name":null,
    "price_raw":null,
    "price_clean":null,
    "shop_name":null,
    "location":null,
    "sold_count_raw":null,
    "sold_count_clean":null,
    "product_url":null,
    "search_query":null,
    "weight_kg":null,
    "price_per_kg":null,
    "0":"lain",
    "1":"umum"
  },
  {
    "_id":null,
    "timestamp_scrape":null,
    "ecommerce":null,
    "product_name":null,
    "price_raw":null,
    "price_clean":null,
    "shop_name":null,
    "location":null,
    "sold_count_raw":null,
    "sold_count_clean":null,
    "product_url":null,
    "search_query":null,
    "weight_kg":null,
    "price_per_kg":null,
    "0":"lain",
    "1":"umum"
  },
  {
    "_id":null,
    "timestamp_scrape":null,
    "ecommerce":null,
    "product_name":null,
    "price_raw":null,
    "price_clean":null,
    "shop_name":null,
    "location":null,
    "sold_count_raw":null,
    "sold_count_clean":null,
    "product_url":null,
    "search_query":null,
    "weight_kg":null,
    "price_per_kg":null,
    "0":"cair",
    "1":"organik"
  },
  {
    "_id":null,
    "timestamp_scrape":null,
    "ecommerce":null,
    "product_name":null,
    "price_raw":null,
    "price_clean":null,
    "shop_name":null,
    "location":null,
    "sold_count_raw":null,
    "sold_count_clean":null,
    "product_url":null,
    "search_query":null,
    "weight_kg":null,
    "price_per_kg":null,
    "0":"cair",
    "1":"organik"
  },
  {
    "_id":null,
    "timestamp_scrape":null,
    "ecommerce":null,
    "product_name":null,
    "price_raw":null,
    "price_clean":null,
    "shop_name":null,
    "location":null,
    "sold_count_raw":null,
    "sold_count_clean":null,
    "product_url":null,
    "search_query":null,
    "weight_kg":null,
    "price_per_kg":null,
    "0":"bubuk",
    "1":"umum"
  },
  {
    "_id":null,
    "timestamp_scrape":null,
    "ecommerce":null,
    "product_name":null,
    "price_raw":null,
    "price_clean":null,
    "shop_name":null,
    "location":null,
    "sold_count_raw":null,
    "sold_count_clean":null,
    "product_url":null,
    "search_query":null,
    "weight_kg":null,
    "price_per_kg":null,
    "0":"lain",
    "1":"organik"
  },
  {
    "_id":null,
    "timestamp_scrape":null,
    "ecommerce":null,
    "product_name":null,
    "price_raw":null,
    "price_clean":null,
    "shop_name":null,
    "location":null,
    "sold_count_raw":null,
    "sold_count_clean":null,
    "product_url":null,
    "search_query":null,
    "weight_kg":null,
    "price_per_kg":null,
    "0":"lain",
    "1":"umum"
  },
  {
    "_id":null,
    "timestamp_scrape":null,
    "ecommerce":null,
    "product_name":null,
    "price_raw":null,
    "price_clean":null,
    "shop_name":null,
    "location":null,
    "sold_count_raw":null,
    "sold_count_clean":null,
    "product_url":null,
    "search_query":null,
    "weight_kg":null,
    "price_per_kg":null,
    "0":"bubuk",
    "1":"umum"
  },
  {
    "_id":null,
    "timestamp_scrape":null,
    "ecommerce":null,
    "product_name":null,
    "price_raw":null,
    "price_clean":null,
    "shop_name":null,
    "location":null,
    "sold_count_raw":null,
    "sold_count_clean":null,
    "product_url":null,
    "search_query":null,
    "weight_kg":null,
    "price_per_kg":null,
    "0":"lain",
    "1":"organik"
  },
  {
    "_id":null,
    "timestamp_scrape":null,
    "ecommerce":null,
    "product_name":null,
    "price_raw":null,
    "price_clean":null,
    "shop_name":null,
    "location":null,
    "sold_count_raw":null,
    "sold_count_clean":null,
    "product_url":null,
    "search_query":null,
    "weight_kg":null,
    "price_per_kg":null,
    "0":"lain",
    "1":"umum"
  },
  {
    "_id":null,
    "timestamp_scrape":null,
    "ecommerce":null,
    "product_name":null,
    "price_raw":null,
    "price_clean":null,
    "shop_name":null,
    "location":null,
    "sold_count_raw":null,
    "sold_count_clean":null,
    "product_url":null,
    "search_query":null,
    "weight_kg":null,
    "price_per_kg":null,
    "0":"lain",
    "1":"organik"
  },
  {
    "_id":null,
    "timestamp_scrape":null,
    "ecommerce":null,
    "product_name":null,
    "price_raw":null,
    "price_clean":null,
    "shop_name":null,
    "location":null,
    "sold_count_raw":null,
    "sold_count_clean":null,
    "product_url":null,
    "search_query":null,
    "weight_kg":null,
    "price_per_kg":null,
    "0":"lain",
    "1":"umum"
  },
  {
    "_id":null,
    "timestamp_scrape":null,
    "ecommerce":null,
    "product_name":null,
    "price_raw":null,
    "price_clean":null,
    "shop_name":null,
    "location":null,
    "sold_count_raw":null,
    "sold_count_clean":null,
    "product_url":null,
    "search_query":null,
    "weight_kg":null,
    "price_per_kg":null,
    "0":"bubuk",
    "1":"umum"
  },
  {
    "_id":null,
    "timestamp_scrape":null,
    "ecommerce":null,
    "product_name":null,
    "price_raw":null,
    "price_clean":null,
    "shop_name":null,
    "location":null,
    "sold_count_raw":null,
    "sold_count_clean":null,
    "product_url":null,
    "search_query":null,
    "weight_kg":null,
    "price_per_kg":null,
    "0":"bubuk",
    "1":"organik"
  }
]