[
  {
    "_id":{
      "$oid":"684903437013c07662ad8a27"
    },
    "timestamp_scrape":"2025-06-11T10:57:12.885489",
    "ecommerce":"Tokopedia",
    "product_name":"Gula Aren gandu toros daun 1kg murni",
    "price_raw":"Rp23.999",
    "price_clean":23999.0,
    "shop_name":"Sweet Health16",
    "location":"Lokasi tidak tersedia",
    "sold_count_raw":"2rb+ terjual",
    "sold_count_clean":2000.0,
    "product_url":"https:\/\/www.tokopedia.com\/sweet-health16\/gula-aren-gandu-toros-daun-1kg-murni-1731137391761458715?extParam=ivf%3Dtrue%26keyword%3Dgula+aren&src=topads",
    "search_query":"gula aren",
    "weight_kg":1.0,
    "price_per_kg":23999.0,
    "0":"lain",
    "1":"murni"
  },
  {
    "_id":{
      "$oid":"684903437013c07662ad8a29"
    },
    "timestamp_scrape":"2025-06-11T10:57:14.083720",
    "ecommerce":"Tokopedia",
    "product_name":"Syrup Palm Sugar Delifru 500 ml - Sirup Gula Aren Premium",
    "price_raw":"Rp40.000",
    "price_clean":40000.0,
    "shop_name":"Delifru Utama Indonesia",
    "location":"Lokasi tidak tersedia",
    "sold_count_raw":"1rb+ terjual",
    "sold_count_clean":1000.0,
    "product_url":"https:\/\/www.tokopedia.com\/delifru\/syrup-palm-sugar-delifru-500-ml-sirup-gula-aren-premium-1729519070278092954?extParam=ivf%3Dfalse%26keyword%3Dgula+aren%26search_id%3D20250611035650432ACA3A1E345E1421S1%26src%3Dsearch",
    "search_query":"gula aren",
    "weight_kg":0.5,
    "price_per_kg":80000.0,
    "0":"cair",
    "1":"organik"
  },
  {
    "_id":{
      "$oid":"684903437013c07662ad8a2a"
    },
    "timestamp_scrape":"2025-06-11T10:57:14.684852",
    "ecommerce":"Tokopedia",
    "product_name":"Beorganik Gula Aren Cair \/ Liquid Palm Sugar",
    "price_raw":"Rp24.610",
    "price_clean":24610.0,
    "shop_name":"Beorganik Store",
    "location":"Lokasi tidak tersedia",
    "sold_count_raw":"2rb+ terjual",
    "sold_count_clean":2000.0,
    "product_url":"https:\/\/www.tokopedia.com\/beorganik\/beorganik-gula-aren-cair-liquid-palm-sugar-1729967279349926323?extParam=ivf%3Dtrue%26keyword%3Dgula+aren%26search_id%3D20250611035650432ACA3A1E345E1421S1%26src%3Dsearch",
    "search_query":"gula aren",
    "weight_kg":null,
    "price_per_kg":null,
    "0":"lain",
    "1":"umum"
  },
  {
    "_id":{
      "$oid":"684903437013c07662ad8a2b"
    },
    "timestamp_scrape":"2025-06-11T10:57:15.284815",
    "ecommerce":"Tokopedia",
    "product_name":"KIS GULA HALUS 500 GR READY STOCK",
    "price_raw":"Rp13.600",
    "price_clean":13600.0,
    "shop_name":"ChefMate Chocolate",
    "location":"Lokasi tidak tersedia",
    "sold_count_raw":"250+ terjual",
    "sold_count_clean":250.0,
    "product_url":"https:\/\/www.tokopedia.com\/chefmatechocolate\/kis-gula-halus-500-gr-ready-stock?extParam=ivf%3Dfalse%26keyword%3Dgula+aren&src=topads",
    "search_query":"gula aren",
    "weight_kg":0.5,
    "price_per_kg":27200.0,
    "0":"bubuk",
    "1":"murni"
  },
  {
    "_id":{
      "$oid":"684903437013c07662ad8a2c"
    },
    "timestamp_scrape":"2025-06-11T10:57:15.882902",
    "ecommerce":"Tokopedia",
    "product_name":"ETAFIT - 1 BOX - Solusi Batuk Berdahak & Tenggorokan Berlendir - Susu Kambing Etawa Bubuk Asli 100% Murni Original Bahan Herbal Bubuk Gula Aren Jahe Merah Dairy Milk",
    "price_raw":"Rp89.998",
    "price_clean":89998.0,
    "shop_name":"Etafit",
    "location":"Lokasi tidak tersedia",
    "sold_count_raw":"5rb+ terjual",
    "sold_count_clean":5000.0,
    "product_url":"https:\/\/www.tokopedia.com\/etafit-574\/etafit-1-box-solusi-batuk-berdahak-tenggorokan-berlendir-susu-kambing-etawa-bubuk-asli-100-murni-original-bahan-herbal-bubuk-gula-aren-jahe-merah-dairy-milk-1729634497036454084?extParam=ivf%3Dfalse%26keyword%3Dgula+aren%26search_id%3D20250611035650432ACA3A1E345E1421S1%26src%3Dsearch",
    "search_query":"gula aren",
    "weight_kg":null,
    "price_per_kg":null,
    "0":"bubuk",
    "1":"organik"
  },
  {
    "_id":{
      "$oid":"684903437013c07662ad8a2d"
    },
    "timestamp_scrape":"2025-06-11T10:57:16.477897",
    "ecommerce":"Tokopedia",
    "product_name":"Palm Sugar Powder Beorganik \/ Gula Aren Bubuk Organik 350gr",
    "price_raw":"Rp39.380",
    "price_clean":39380.0,
    "shop_name":"Beorganik Store",
    "location":"Lokasi tidak tersedia",
    "sold_count_raw":"2rb+ terjual",
    "sold_count_clean":2000.0,
    "product_url":"https:\/\/www.tokopedia.com\/beorganik\/palm-sugar-powder-beorganik-gula-aren-bubuk-organik-350gr-1729978793148254643?extParam=ivf%3Dfalse%26keyword%3Dgula+aren%26search_id%3D20250611035650432ACA3A1E345E1421S1%26src%3Dsearch",
    "search_query":"gula aren",
    "weight_kg":0.35,
    "price_per_kg":112514.2857142857,
    "0":"lain",
    "1":"umum"
  },
  {
    "_id":{
      "$oid":"684903437013c07662ad8a2e"
    },
    "timestamp_scrape":"2025-06-11T10:57:17.068874",
    "ecommerce":"Tokopedia",
    "product_name":"Gula Aren Badui",
    "price_raw":"Rp325.000",
    "price_clean":325000.0,
    "shop_name":"omegasellx",
    "location":"Lokasi tidak tersedia",
    "sold_count_raw":"100+ terjual",
    "sold_count_clean":100.0,
    "product_url":"https:\/\/www.tokopedia.com\/archive-omegasellx\/gula-aren-badui?extParam=ivf%3Dfalse%26keyword%3Dgula+aren&src=topads",
    "search_query":"gula aren",
    "weight_kg":null,
    "price_per_kg":null,
    "0":"lain",
    "1":"umum"
  },
  {
    "_id":{
      "$oid":"684903437013c07662ad8a2f"
    },
    "timestamp_scrape":"2025-06-11T10:57:17.660263",
    "ecommerce":"Tokopedia",
    "product_name":"Awi Coffee Robusta Sidikalang Premium 250Gr | Roated Coffee Beans | Robusta 100% | Premium Grade 1 | ESPRESSO | LATTE | V60 | VIETNAM DRIP | MANUAL BREW | AMERICANO | ES KOPI SUSU GULA AREN",
    "price_raw":"Rp55.000",
    "price_clean":55000.0,
    "shop_name":"Awi Coffee",
    "location":"Lokasi tidak tersedia",
    "sold_count_raw":"5rb+ terjual",
    "sold_count_clean":5000.0,
    "product_url":"https:\/\/www.tokopedia.com\/awicoffee\/awi-coffee-robusta-sidikalang-premium-250gr-roated-coffee-beans-robusta-100-premium-grade-1-espresso-latte-v60-vietnam-drip-manual-brew-americano-es-kopi-susu-gula-aren-1730652497712285554?extParam=ivf%3Dfalse%26keyword%3Dgula+aren%26search_id%3D20250611035650432ACA3A1E345E1421S1%26src%3Dsearch",
    "search_query":"gula aren",
    "weight_kg":0.25,
    "price_per_kg":220000.0,
    "0":"cair",
    "1":"organik"
  },
  {
    "_id":{
      "$oid":"684903437013c07662ad8a30"
    },
    "timestamp_scrape":"2025-06-11T10:57:18.254001",
    "ecommerce":"Tokopedia",
    "product_name":"Gula Aren Cair organik ENAU 100% murni nira Aren",
    "price_raw":"Rp27.900",
    "price_clean":27900.0,
    "shop_name":"Sumber Nutrisi",
    "location":"Lokasi tidak tersedia",
    "sold_count_raw":"10rb+ terjual",
    "sold_count_clean":10000.0,
    "product_url":"https:\/\/www.tokopedia.com\/matalele\/gula-aren-cair-organik-enau-100-murni-nira-aren?extParam=ivf%3Dfalse%26keyword%3Dgula+aren%26search_id%3D20250611035650432ACA3A1E345E1421S1%26src%3Dsearch",
    "search_query":"gula aren",
    "weight_kg":null,
    "price_per_kg":null,
    "0":"lain",
    "1":"umum"
  },
  {
    "_id":{
      "$oid":"684903437013c07662ad8a31"
    },
    "timestamp_scrape":"2025-06-11T10:57:18.844348",
    "ecommerce":"Tokopedia",
    "product_name":"Ricoman Palm Sugar 400gram \/ 100% Gula Aren Grade A Fine Textured",
    "price_raw":"Rp16.830",
    "price_clean":16830.0,
    "shop_name":"Trinity Kitchen",
    "location":"Lokasi tidak tersedia",
    "sold_count_raw":"250+ terjual",
    "sold_count_clean":250.0,
    "product_url":"https:\/\/www.tokopedia.com\/trinitykitchen\/ricoman-palm-sugar-400gram-100-gula-aren-grade-a-fine-textured?extParam=ivf%3Dfalse%26keyword%3Dgula+aren%26search_id%3D20250611035650432ACA3A1E345E1421S1%26src%3Dsearch",
    "search_query":"gula aren",
    "weight_kg":0.4,
    "price_per_kg":42075.0,
    "0":"cair",
    "1":"umum"
  },
  {
    "_id":{
      "$oid":"684903437013c07662ad8a32"
    },
    "timestamp_scrape":"2025-06-11T10:57:19.434401",
    "ecommerce":"Tokopedia",
    "product_name":"ESSENLI Gula Aren Cair \/ Liquid Palm Sugar",
    "price_raw":"Rp28.875",
    "price_clean":28875.0,
    "shop_name":"essenli",
    "location":"Lokasi tidak tersedia",
    "sold_count_raw":"1rb+ terjual",
    "sold_count_clean":1000.0,
    "product_url":"https:\/\/www.tokopedia.com\/essenli\/essenli-gula-aren-cair-liquid-palm-sugar-1730902043732444586?extParam=ivf%3Dfalse%26keyword%3Dgula+aren%26search_id%3D20250611035650432ACA3A1E345E1421S1%26src%3Dsearch",
    "search_query":"gula aren",
    "weight_kg":null,
    "price_per_kg":null,
    "0":"bubuk",
    "1":"organik"
  },
  {
    "_id":{
      "$oid":"684903437013c07662ad8a33"
    },
    "timestamp_scrape":"2025-06-11T10:57:20.042714",
    "ecommerce":"Tokopedia",
    "product_name":"Gula Aren Asli Semut Bubuk Organik Palm Sugar 1Kg 1000 Gram Murah",
    "price_raw":"Rp29.999",
    "price_clean":29999.0,
    "shop_name":"Pondok Aren Indonesia",
    "location":"Lokasi tidak tersedia",
    "sold_count_raw":"10rb+ terjual",
    "sold_count_clean":10000.0,
    "product_url":"https:\/\/www.tokopedia.com\/gulapondokaren\/gula-aren-asli-semut-bubuk-organik-palm-sugar-1kg-1000-gram-murah?extParam=ivf%3Dfalse%26keyword%3Dgula+aren%26search_id%3D20250611035650432ACA3A1E345E1421S1%26src%3Dsearch",
    "search_query":"gula aren",
    "weight_kg":1.0,
    "price_per_kg":29999.0,
    "0":"lain",
    "1":"umum"
  },
  {
    "_id":{
      "$oid":"684903437013c07662ad8a34"
    },
    "timestamp_scrape":"2025-06-11T10:57:20.655223",
    "ecommerce":"Tokopedia",
    "product_name":"Ricoman Palm Sugar 400 Gram | Gula Aren \/ Gula Palem",
    "price_raw":"Rp15.500",
    "price_clean":15500.0,
    "shop_name":"Folks Home and Baking Supplies",
    "location":"Lokasi tidak tersedia",
    "sold_count_raw":"10rb+ terjual",
    "sold_count_clean":10000.0,
    "product_url":"https:\/\/www.tokopedia.com\/folksjkt\/ricoman-palm-sugar-400-gram-gula-aren-gula-palem?extParam=ivf%3Dfalse%26keyword%3Dgula+aren%26search_id%3D20250611035650432ACA3A1E345E1421S1%26src%3Dsearch",
    "search_query":"gula aren",
    "weight_kg":0.4,
    "price_per_kg":38750.0,
    "0":"lain",
    "1":"umum"
  },
  {
    "_id":{
      "$oid":"684903437013c07662ad8a35"
    },
    "timestamp_scrape":"2025-06-11T10:57:21.270948",
    "ecommerce":"Tokopedia",
    "product_name":"Gula Aren Asli",
    "price_raw":"Rp28.000",
    "price_clean":28000.0,
    "shop_name":"Arissa Rasa Nusantara",
    "location":"Lokasi tidak tersedia",
    "sold_count_raw":"10rb+ terjual",
    "sold_count_clean":10000.0,
    "product_url":"https:\/\/www.tokopedia.com\/tokoarissa\/gula-aren-asli?extParam=ivf%3Dfalse%26keyword%3Dgula+aren%26search_id%3D20250611035650432ACA3A1E345E1421S1%26src%3Dsearch",
    "search_query":"gula aren",
    "weight_kg":null,
    "price_per_kg":null,
    "0":"bubuk",
    "1":"murni"
  },
  {
    "_id":{
      "$oid":"684903437013c07662ad8a36"
    },
    "timestamp_scrape":"2025-06-11T10:57:21.869278",
    "ecommerce":"Tokopedia",
    "product_name":"PAKET HEMAT 3 BOX Susu Kambing Etawa Bubuk Puregoat Gula Aren Murni",
    "price_raw":"Rp225.000",
    "price_clean":225000.0,
    "shop_name":"puregoat official",
    "location":"Lokasi tidak tersedia",
    "sold_count_raw":"10 terjual",
    "sold_count_clean":10.0,
    "product_url":"https:\/\/www.tokopedia.com\/puregoatofficial\/paket-hemat-3-box-susu-kambing-etawa-bubuk-puregoat-gula-aren-murni?extParam=ivf%3Dfalse%26keyword%3Dgula+aren&src=topads",
    "search_query":"gula aren",
    "weight_kg":null,
    "price_per_kg":null,
    "0":"cair",
    "1":"umum"
  },
  {
    "_id":{
      "$oid":"684903437013c07662ad8a38"
    },
    "timestamp_scrape":"2025-06-11T10:57:50.392853",
    "ecommerce":"Tokopedia",
    "product_name":"GULA TEBU CAIR HILWA - VARIAN 1KG BOTOL",
    "price_raw":"Rp28.000",
    "price_clean":28000.0,
    "shop_name":"Sweeteners Center",
    "location":"Lokasi tidak tersedia",
    "sold_count_raw":"0 terjual",
    "sold_count_clean":0.0,
    "product_url":"https:\/\/www.tokopedia.com\/sweetenerscenter\/gula-tebu-cair-hilwa-varian-1kg-botol-1730832976376399369?src=topads",
    "search_query":"gula aren",
    "weight_kg":1.0,
    "price_per_kg":28000.0,
    "0":"bubuk",
    "1":"organik"
  },
  {
    "_id":{
      "$oid":"684903437013c07662ad8a39"
    },
    "timestamp_scrape":"2025-06-11T10:57:50.980377",
    "ecommerce":"Tokopedia",
    "product_name":"Jahe merah SUPER plus gula aren Secang habbatusaudah - jahe instan 1KG",
    "price_raw":"Rp56.000",
    "price_clean":56000.0,
    "shop_name":"trend center jakarta",
    "location":"Lokasi tidak tersedia",
    "sold_count_raw":"8rb+ terjual",
    "sold_count_clean":8000.0,
    "product_url":"https:\/\/www.tokopedia.com\/trendycenter\/jahe-merah-super-plus-gula-aren-secang-habbatusaudah-jahe-instan-1kg?extParam=ivf%3Dfalse%26keyword%3Dgula+aren%26src%3Dsearch",
    "search_query":"gula aren",
    "weight_kg":1.0,
    "price_per_kg":56000.0,
    "0":"bubuk",
    "1":"umum"
  },
  {
    "_id":{
      "$oid":"684903437013c07662ad8a3a"
    },
    "timestamp_scrape":"2025-06-11T10:57:51.610136",
    "ecommerce":"Tokopedia",
    "product_name":"1 KG \/ 1000GRM GULA AREN BUBUK ORGANIK PALM SUGAR GULA SEMUT ORGANIK",
    "price_raw":"Rp26.900",
    "price_clean":26900.0,
    "shop_name":"CIKALSARI OFFICIAL STORE",
    "location":"Lokasi tidak tersedia",
    "sold_count_raw":"10rb+ terjual",
    "sold_count_clean":10000.0,
    "product_url":"https:\/\/www.tokopedia.com\/cikalsari\/1-kg-1000grm-gula-aren-bubuk-organik-palm-sugar-gula-semut-organik?extParam=ivf%3Dfalse%26keyword%3Dgula+aren%26src%3Dsearch",
    "search_query":"gula aren",
    "weight_kg":1.0,
    "price_per_kg":26900.0,
    "0":"bubuk",
    "1":"organik"
  },
  {
    "_id":{
      "$oid":"684903437013c07662ad8a3b"
    },
    "timestamp_scrape":"2025-06-11T10:57:52.997057",
    "ecommerce":"Tokopedia",
    "product_name":"Gula Semut Timor 200gr",
    "price_raw":"Rp19.000",
    "price_clean":19000.0,
    "shop_name":"MAMA ANA Kupang",
    "location":"Lokasi tidak tersedia",
    "sold_count_raw":"0 terjual",
    "sold_count_clean":0.0,
    "product_url":"https:\/\/www.tokopedia.com\/kupang2018\/gula-semut-timor-200gr?src=topads",
    "search_query":"gula aren",
    "weight_kg":0.2,
    "price_per_kg":95000.0,
    "0":"lain",
    "1":"umum"
  },
  {
    "_id":{
      "$oid":"684903437013c07662ad8a3c"
    },
    "timestamp_scrape":"2025-06-11T10:57:53.597793",
    "ecommerce":"Tokopedia",
    "product_name":"1000\/ 1KG PREMIUM GULA AREN BUBUK ORGANIK 1KG - PALM SUGAR 1000 GRAM -GULA SEMUT",
    "price_raw":"Rp25.990",
    "price_clean":25990.0,
    "shop_name":"Tasty Id",
    "location":"Lokasi tidak tersedia",
    "sold_count_raw":"1rb+ terjual",
    "sold_count_clean":1000.0,
    "product_url":"https:\/\/www.tokopedia.com\/tasty-aren\/1000-1kg-premium-gula-aren-bubuk-organik-1kg-palm-sugar-1000-gram-gula-semut?extParam=ivf%3Dfalse%26keyword%3Dgula+aren%26src%3Dsearch",
    "search_query":"gula aren",
    "weight_kg":1.0,
    "price_per_kg":25990.0,
    "0":"cair",
    "1":"umum"
  },
  {
    "_id":{
      "$oid":"684903437013c07662ad8a3d"
    },
    "timestamp_scrape":"2025-06-11T10:57:54.197220",
    "ecommerce":"Tokopedia",
    "product_name":"Tropicana Slim Sweetener Gula Aren",
    "price_raw":"Rp42.900",
    "price_clean":42900.0,
    "shop_name":"mblvin store",
    "location":"Lokasi tidak tersedia",
    "sold_count_raw":"70+ terjual",
    "sold_count_clean":70.0,
    "product_url":"https:\/\/www.tokopedia.com\/mblvinstore\/tropicana-slim-sweetener-gula-aren?extParam=ivf%3Dfalse%26keyword%3Dgula+aren%26src%3Dsearch",
    "search_query":"gula aren",
    "weight_kg":null,
    "price_per_kg":null,
    "0":"lain",
    "1":"umum"
  },
  {
    "_id":{
      "$oid":"684903437013c07662ad8a3e"
    },
    "timestamp_scrape":"2025-06-11T10:57:55.512385",
    "ecommerce":"Tokopedia",
    "product_name":"gula cair \/ simple sirup rose brand 30 kg",
    "price_raw":"Rp450.000",
    "price_clean":450000.0,
    "shop_name":"gudang temen",
    "location":"Lokasi tidak tersedia",
    "sold_count_raw":"0 terjual",
    "sold_count_clean":0.0,
    "product_url":"https:\/\/www.tokopedia.com\/gudangtemen\/gula-cair-simple-sirup-rose-brand-30-kg?src=topads",
    "search_query":"gula aren",
    "weight_kg":30.0,
    "price_per_kg":15000.0,
    "0":"lain",
    "1":"umum"
  },
  {
    "_id":{
      "$oid":"684903437013c07662ad8a3f"
    },
    "timestamp_scrape":"2025-06-11T10:57:56.107986",
    "ecommerce":"Tokopedia",
    "product_name":"Gula Aren \/ Gula Palem \/ Palm Sugar RICOMAN Palm Sugar 400 gr",
    "price_raw":"Rp18.200",
    "price_clean":18200.0,
    "shop_name":"Olivia Baking Store",
    "location":"Lokasi tidak tersedia",
    "sold_count_raw":"500+ terjual",
    "sold_count_clean":500.0,
    "product_url":"https:\/\/www.tokopedia.com\/oliviabakingstore\/gula-aren-gula-palem-palm-sugar-ricoman-palm-sugar-400-gr?extParam=ivf%3Dfalse%26keyword%3Dgula+aren%26src%3Dsearch",
    "search_query":"gula aren",
    "weight_kg":0.4,
    "price_per_kg":45500.0,
    "0":"lain",
    "1":"organik"
  },
  {
    "_id":{
      "$oid":"684903437013c07662ad8a40"
    },
    "timestamp_scrape":"2025-06-11T10:57:56.702853",
    "ecommerce":"Tokopedia",
    "product_name":"Jenang Gemi Rasa Gula Aren Makanan Herbal utk Maag Asam lambung & GERD",
    "price_raw":"Rp120.000",
    "price_clean":120000.0,
    "shop_name":"Jenang Gemi Official Shop",
    "location":"Lokasi tidak tersedia",
    "sold_count_raw":"90+ terjual",
    "sold_count_clean":90.0,
    "product_url":"https:\/\/www.tokopedia.com\/jenang-gemi-official-shop\/jenang-gemi-rasa-gula-aren-makanan-herbal-utk-maag-asam-lambung-gerd-box-kecil-1eb80?extParam=ivf%3Dfalse%26keyword%3Dgula+aren%26src%3Dsearch",
    "search_query":"gula aren",
    "weight_kg":null,
    "price_per_kg":null,
    "0":"lain",
    "1":"umum"
  },
  {
    "_id":{
      "$oid":"684903437013c07662ad8a41"
    },
    "timestamp_scrape":"2025-06-11T10:57:57.294847",
    "ecommerce":"Tokopedia",
    "product_name":"GULA AREN BATOK ALAMI ASLI CURUP BENGKULU ORGANIK",
    "price_raw":"Rp32.000",
    "price_clean":32000.0,
    "shop_name":"Okkarina",
    "location":"Lokasi tidak tersedia",
    "sold_count_raw":"4rb+ terjual",
    "sold_count_clean":4000.0,
    "product_url":"https:\/\/www.tokopedia.com\/okkarina\/gula-aren-batok-alami-asli-curup-bengkulu-organik?extParam=ivf%3Dfalse%26keyword%3Dgula+aren%26src%3Dsearch",
    "search_query":"gula aren",
    "weight_kg":null,
    "price_per_kg":null,
    "0":"cair",
    "1":"umum"
  },
  {
    "_id":{
      "$oid":"684903437013c07662ad8a42"
    },
    "timestamp_scrape":"2025-06-11T10:57:57.886756",
    "ecommerce":"Tokopedia",
    "product_name":"telor gabus gula aren wijen 250gr",
    "price_raw":"Rp20.000",
    "price_clean":20000.0,
    "shop_name":"Aneka Clara Snack",
    "location":"Lokasi tidak tersedia",
    "sold_count_raw":"100+ terjual",
    "sold_count_clean":100.0,
    "product_url":"https:\/\/www.tokopedia.com\/anekaclara\/telor-gabus-gula-aren-wijen-250gr?extParam=ivf%3Dfalse%26keyword%3Dgula+aren%26src%3Dsearch",
    "search_query":"gula aren",
    "weight_kg":0.25,
    "price_per_kg":80000.0,
    "0":"cair",
    "1":"umum"
  },
  {
    "_id":{
      "$oid":"684903437013c07662ad8a43"
    },
    "timestamp_scrape":"2025-06-11T10:57:58.480664",
    "ecommerce":"Tokopedia",
    "product_name":"SUUR LEMOEN Liquid Palm Sugar Organic 600 gram Gula Aren Cair Brown Sugar Cair",
    "price_raw":"Rp33.000",
    "price_clean":33000.0,
    "shop_name":"SUUR LEMOEN ID",
    "location":"Lokasi tidak tersedia",
    "sold_count_raw":"500+ terjual",
    "sold_count_clean":500.0,
    "product_url":"https:\/\/www.tokopedia.com\/suurlemoenid\/liquid-palm-sugar-syrup-gula-aren-cair-150gr-350gr-brown-sugar-liquid-600-gram-07bfc?extParam=ivf%3Dtrue%26keyword%3Dgula+aren%26src%3Dsearch",
    "search_query":"gula aren",
    "weight_kg":0.6,
    "price_per_kg":55000.0,
    "0":"cair",
    "1":"umum"
  },
  {
    "_id":{
      "$oid":"684903437013c07662ad8a44"
    },
    "timestamp_scrape":"2025-06-11T10:57:59.081732",
    "ecommerce":"Tokopedia",
    "product_name":"Gulare Palm Sugar Syrup 1.3 Kg | Gula Aren Cair",
    "price_raw":"Rp65.800",
    "price_clean":65800.0,
    "shop_name":"Benku Mart Tangerang",
    "location":"Lokasi tidak tersedia",
    "sold_count_raw":"250+ terjual",
    "sold_count_clean":250.0,
    "product_url":"https:\/\/www.tokopedia.com\/bakingstoretangerang\/gulare-palm-sugar-syrup-1-3-kg-gula-aren-cair?extParam=ivf%3Dfalse%26keyword%3Dgula+aren%26src%3Dsearch",
    "search_query":"gula aren",
    "weight_kg":1.3,
    "price_per_kg":50615.3846153846,
    "0":"lain",
    "1":"umum"
  },
  {
    "_id":{
      "$oid":"684903437013c07662ad8a45"
    },
    "timestamp_scrape":"2025-06-11T10:57:59.676533",
    "ecommerce":"Tokopedia",
    "product_name":"Palm Sugar \/ Gula Aren Cair Premium Kemasan 1kg",
    "price_raw":"Rp22.900",
    "price_clean":22900.0,
    "shop_name":"JBB Store.",
    "location":"Lokasi tidak tersedia",
    "sold_count_raw":"500+ terjual",
    "sold_count_clean":500.0,
    "product_url":"https:\/\/www.tokopedia.com\/jbbstore2019\/palm-sugar-gula-aren-cair-premium-kemasan-1kg?extParam=ivf%3Dfalse%26keyword%3Dgula+aren%26src%3Dsearch",
    "search_query":"gula aren",
    "weight_kg":1.0,
    "price_per_kg":22900.0,
    "0":"lain",
    "1":"umum"
  },
  {
    "_id":{
      "$oid":"684903437013c07662ad8a47"
    },
    "timestamp_scrape":"2025-06-11T10:58:28.489981",
    "ecommerce":"Tokopedia",
    "product_name":"FitoSweet Diet Stevia Nol Kalori 100% Healthy Sweetener Pemanis Alami Pengganti Gula Aman Diabet",
    "price_raw":"Rp99.000",
    "price_clean":99000.0,
    "shop_name":"Fitozlim Official Store",
    "location":"Lokasi tidak tersedia",
    "sold_count_raw":"70+ terjual",
    "sold_count_clean":70.0,
    "product_url":"https:\/\/www.tokopedia.com\/fitozlim-official\/fitosweet-diet-stevia-nol-kalori-100-healthy-sweetener-pemanis-alami-pengganti-gula-aman-diabet-1731041409447331661?extParam=ivf%3Dtrue%26keyword%3Dgula+aren&src=topads",
    "search_query":"gula aren",
    "weight_kg":null,
    "price_per_kg":null,
    "0":"lain",
    "1":"umum"
  },
  {
    "_id":{
      "$oid":"684903437013c07662ad8a49"
    },
    "timestamp_scrape":"2025-06-11T10:58:29.700504",
    "ecommerce":"Tokopedia",
    "product_name":"Gula Aren Asli 1Kg \/ Gula Aren Batok Lingau Cuko Pempek Palembang Food",
    "price_raw":"Rp23.900",
    "price_clean":23900.0,
    "shop_name":"DUA GARIS STORE",
    "location":"Lokasi tidak tersedia",
    "sold_count_raw":"10rb+ terjual",
    "sold_count_clean":10000.0,
    "product_url":"https:\/\/www.tokopedia.com\/duagaris-store\/gula-aren-asli-1kg-gula-aren-batok-lingau-cuko-pempek-palembang-tasty-bc8f7?extParam=ivf%3Dfalse%26keyword%3Dgula+aren%26src%3Dsearch",
    "search_query":"gula aren",
    "weight_kg":1.0,
    "price_per_kg":23900.0,
    "0":"lain",
    "1":"umum"
  },
  {
    "_id":{
      "$oid":"684903437013c07662ad8a4a"
    },
    "timestamp_scrape":"2025-06-11T10:58:30.294102",
    "ecommerce":"Tokopedia",
    "product_name":"Gula Aren Cair Murni 1Kg \/ Palm Sugar \/ Gula Aren Cair Asli 100% Food",
    "price_raw":"Rp25.900",
    "price_clean":25900.0,
    "shop_name":"DUA GARIS STORE",
    "location":"Lokasi tidak tersedia",
    "sold_count_raw":"6rb+ terjual",
    "sold_count_clean":6000.0,
    "product_url":"https:\/\/www.tokopedia.com\/duagaris-store\/gula-aren-cair-murni-1kg-palm-sugar-gula-aren-cair-asli-100?extParam=ivf%3Dfalse%26keyword%3Dgula+aren%26src%3Dsearch",
    "search_query":"gula aren",
    "weight_kg":1.0,
    "price_per_kg":25900.0,
    "0":"cair",
    "1":"umum"
  },
  {
    "_id":{
      "$oid":"684903437013c07662ad8a4b"
    },
    "timestamp_scrape":"2025-06-11T10:58:30.888676",
    "ecommerce":"Tokopedia",
    "product_name":"Haan Icing Sugar Fiesta - Gula Halus",
    "price_raw":"Rp44.300",
    "price_clean":44300.0,
    "shop_name":"Colatta",
    "location":"Lokasi tidak tersedia",
    "sold_count_raw":"100+ terjual",
    "sold_count_clean":100.0,
    "product_url":"https:\/\/www.tokopedia.com\/colatta\/haan-icing-sugar-fiesta-gula-halus?extParam=ivf%3Dtrue%26keyword%3Dgula+aren&src=topads",
    "search_query":"gula aren",
    "weight_kg":null,
    "price_per_kg":null,
    "0":"cair",
    "1":"organik"
  },
  {
    "_id":{
      "$oid":"684903437013c07662ad8a4c"
    },
    "timestamp_scrape":"2025-06-11T10:58:31.481292",
    "ecommerce":"Tokopedia",
    "product_name":"gula batok lubuk linggau 1 kg \/Gula Hitam\/ Gula aren \/gula batok",
    "price_raw":"Rp25.000",
    "price_clean":25000.0,
    "shop_name":"sembako mart 11",
    "location":"Lokasi tidak tersedia",
    "sold_count_raw":"500+ terjual",
    "sold_count_clean":500.0,
    "product_url":"https:\/\/www.tokopedia.com\/sembakomart11\/gula-batok-lubuk-linggau-1-kg-gula-hitam-gula-aren-gula-batok?extParam=ivf%3Dfalse%26keyword%3Dgula+aren%26src%3Dsearch",
    "search_query":"gula aren",
    "weight_kg":1.0,
    "price_per_kg":25000.0,
    "0":"lain",
    "1":"umum"
  },
  {
    "_id":{
      "$oid":"684903437013c07662ad8a4d"
    },
    "timestamp_scrape":"2025-06-11T10:58:32.070671",
    "ecommerce":"Tokopedia",
    "product_name":"TOP gula aren kopi tubruk @ 9 sachet Coffee",
    "price_raw":"Rp10.300",
    "price_clean":10300.0,
    "shop_name":"Mstore Market",
    "location":"Lokasi tidak tersedia",
    "sold_count_raw":"500+ terjual",
    "sold_count_clean":500.0,
    "product_url":"https:\/\/www.tokopedia.com\/mstorepho\/top-gula-aren-kopi-tubruk-9-sachet-coffee-1729830089805432168?extParam=ivf%3Dfalse%26keyword%3Dgula+aren%26src%3Dsearch",
    "search_query":"gula aren",
    "weight_kg":null,
    "price_per_kg":null,
    "0":"cair",
    "1":"organik"
  },
  {
    "_id":{
      "$oid":"684903437013c07662ad8a4e"
    },
    "timestamp_scrape":"2025-06-11T10:58:32.665992",
    "ecommerce":"Tokopedia",
    "product_name":"ARENGA 1 lt Organic Liquid Palm Sugar Gula Aren Cair Botol plastik",
    "price_raw":"Rp57.000",
    "price_clean":57000.0,
    "shop_name":"GREEN BITES",
    "location":"Lokasi tidak tersedia",
    "sold_count_raw":"1rb+ terjual",
    "sold_count_clean":1000.0,
    "product_url":"https:\/\/www.tokopedia.com\/greenbites\/arenga-1-lt-organic-liquid-palm-sugar-gula-aren-cair-botol-plastik?extParam=ivf%3Dfalse%26keyword%3Dgula+aren%26src%3Dsearch",
    "search_query":"gula aren",
    "weight_kg":1.0,
    "price_per_kg":57000.0,
    "0":"bubuk",
    "1":"umum"
  },
  {
    "_id":{
      "$oid":"684903437013c07662ad8a4f"
    },
    "timestamp_scrape":"2025-06-11T10:58:33.256108",
    "ecommerce":"Tokopedia",
    "product_name":"Gula Aren Cair Murni dan Organik Mahorahora 1liter - 2pcs Food Sugar",
    "price_raw":"Rp110.000",
    "price_clean":110000.0,
    "shop_name":"Mahorahora Gula Aren",
    "location":"Lokasi tidak tersedia",
    "sold_count_raw":"1rb+ terjual",
    "sold_count_clean":1000.0,
    "product_url":"https:\/\/www.tokopedia.com\/mahorahoragulaaren\/gula-aren-cair-murni-dan-organik-mahorahora-1liter-2pcs-food-sugar-1729572941560908180?extParam=ivf%3Dfalse%26keyword%3Dgula+aren%26src%3Dsearch",
    "search_query":"gula aren",
    "weight_kg":1.0,
    "price_per_kg":110000.0,
    "0":"lain",
    "1":"umum"
  },
  {
    "_id":{
      "$oid":"684903437013c07662ad8a50"
    },
    "timestamp_scrape":"2025-06-11T10:58:33.852730",
    "ecommerce":"Tokopedia",
    "product_name":"Pikopi Gula Aren 1 Bag (9 x 20 Gr)",
    "price_raw":"Rp12.300",
    "price_clean":12300.0,
    "shop_name":"Kapal Api Store",
    "location":"Lokasi tidak tersedia",
    "sold_count_raw":"10rb+ terjual",
    "sold_count_clean":10000.0,
    "product_url":"https:\/\/www.tokopedia.com\/kapalapistore\/pikopi-gula-aren-1-bag-9-x-20-gr?extParam=ivf%3Dfalse%26keyword%3Dgula+aren%26src%3Dsearch",
    "search_query":"gula aren",
    "weight_kg":0.02,
    "price_per_kg":615000.0,
    "0":"lain",
    "1":"organik"
  },
  {
    "_id":{
      "$oid":"684903437013c07662ad8a51"
    },
    "timestamp_scrape":"2025-06-11T10:58:34.441057",
    "ecommerce":"Tokopedia",
    "product_name":"Gula Aren Cair Asli, 1 Liter - 100% Organik Tanpa Pemanis Tambahan",
    "price_raw":"Rp52.999",
    "price_clean":52999.0,
    "shop_name":"Sugar Palm Tree Indonesia",
    "location":"Lokasi tidak tersedia",
    "sold_count_raw":"6rb+ terjual",
    "sold_count_clean":6000.0,
    "product_url":"https:\/\/www.tokopedia.com\/sugar-palm\/gula-aren-cair-asli-1-liter-100-organik-tanpa-pemanis-tambahan?extParam=ivf%3Dfalse%26keyword%3Dgula+aren%26src%3Dsearch",
    "search_query":"gula aren",
    "weight_kg":1.0,
    "price_per_kg":52999.0,
    "0":"lain",
    "1":"umum"
  },
  {
    "_id":{
      "$oid":"684903437013c07662ad8a52"
    },
    "timestamp_scrape":"2025-06-11T10:58:35.037298",
    "ecommerce":"Tokopedia",
    "product_name":"Arenga Palm Sugar \/ Gula Aren Bubuk Premium \/ Gula Semut Ukuran 1kg",
    "price_raw":"Rp26.500",
    "price_clean":26500.0,
    "shop_name":"JBB Store.",
    "location":"Lokasi tidak tersedia",
    "sold_count_raw":"2rb+ terjual",
    "sold_count_clean":2000.0,
    "product_url":"https:\/\/www.tokopedia.com\/jbbstore2019\/arenga-palm-sugar-gula-aren-bubuk-premium-gula-semut-ukuran-1kg-stiker-kecil-6c79c?extParam=ivf%3Dfalse%26keyword%3Dgula+aren%26src%3Dsearch",
    "search_query":"gula aren",
    "weight_kg":1.0,
    "price_per_kg":26500.0,
    "0":"lain",
    "1":"umum"
  },
  {
    "_id":{
      "$oid":"684903437013c07662ad8a53"
    },
    "timestamp_scrape":"2025-06-11T10:58:35.635649",
    "ecommerce":"Tokopedia",
    "product_name":"Kata Oma Paket 6 Gula Aren",
    "price_raw":"Rp83.400",
    "price_clean":83400.0,
    "shop_name":"Kata Oma",
    "location":"Lokasi tidak tersedia",
    "sold_count_raw":"100+ terjual",
    "sold_count_clean":100.0,
    "product_url":"https:\/\/www.tokopedia.com\/kataoma\/kata-oma-paket-6-gula-aren?extParam=ivf%3Dfalse%26keyword%3Dgula+aren%26src%3Dsearch",
    "search_query":"gula aren",
    "weight_kg":0.006,
    "price_per_kg":13900000.0,
    "0":"lain",
    "1":"umum"
  },
  {
    "_id":{
      "$oid":"684903437013c07662ad8a54"
    },
    "timestamp_scrape":"2025-06-11T10:58:36.271466",
    "ecommerce":"Tokopedia",
    "product_name":"Gula Aren Organik Khas Cianjur",
    "price_raw":"Rp15.000",
    "price_clean":15000.0,
    "shop_name":"Naramos",
    "location":"Lokasi tidak tersedia",
    "sold_count_raw":"5rb+ terjual",
    "sold_count_clean":5000.0,
    "product_url":"https:\/\/www.tokopedia.com\/naramos\/gula-aren-organik-khas-cianjur-1729868542805445494?extParam=ivf%3Dfalse%26keyword%3Dgula+aren%26src%3Dsearch",
    "search_query":"gula aren",
    "weight_kg":null,
    "price_per_kg":null,
    "0":"lain",
    "1":"umum"
  },
  {
    "_id":{
      "$oid":"684903437013c07662ad8a57"
    },
    "timestamp_scrape":"2025-06-11T10:59:05.274446",
    "ecommerce":"Tokopedia",
    "product_name":"Gula Aren Kafein Sirup Es Kopi Susu",
    "price_raw":"Rp28.000",
    "price_clean":28000.0,
    "shop_name":"kafeinshop_NEW",
    "location":"Lokasi tidak tersedia",
    "sold_count_raw":"6rb+ terjual",
    "sold_count_clean":6000.0,
    "product_url":"https:\/\/www.tokopedia.com\/kafeinshop\/gula-aren-kafein-sirup-es-kopi-susu-1730922217645901045?extParam=ivf%3Dtrue%26keyword%3Dgula+aren%26src%3Dsearch",
    "search_query":"gula aren",
    "weight_kg":null,
    "price_per_kg":null,
    "0":"cair",
    "1":"umum"
  },
  {
    "_id":{
      "$oid":"684903437013c07662ad8a58"
    },
    "timestamp_scrape":"2025-06-11T10:59:05.869290",
    "ecommerce":"Tokopedia",
    "product_name":"Gula Aren 1kg 100% Asli Kawung JAMINAN UANG KEMBALI Jika Tidak Asli",
    "price_raw":"Rp15.500",
    "price_clean":15500.0,
    "shop_name":"JAMA 49 Official Marketplace",
    "location":"Lokasi tidak tersedia",
    "sold_count_raw":"1rb+ terjual",
    "sold_count_clean":1000.0,
    "product_url":"https:\/\/www.tokopedia.com\/jama49om\/gula-aren-1kg-100-asli-kawung-jaminan-uang-kembali-jika-tidak-asli-500g-bks-daun?extParam=ivf%3Dfalse%26keyword%3Dgula+aren%26src%3Dsearch",
    "search_query":"gula aren",
    "weight_kg":1.0,
    "price_per_kg":15500.0,
    "0":"lain",
    "1":"umum"
  },
  {
    "_id":{
      "$oid":"684903437013c07662ad8a5a"
    },
    "timestamp_scrape":"2025-06-11T10:59:07.067364",
    "ecommerce":"Tokopedia",
    "product_name":"JAHE MERAH RATU LEBAH SUPER PLUS MADU DAN GULA AREN 12 SACHET",
    "price_raw":"Rp10.000",
    "price_clean":10000.0,
    "shop_name":"Ustsmaniherbal",
    "location":"Lokasi tidak tersedia",
    "sold_count_raw":"250+ terjual",
    "sold_count_clean":250.0,
    "product_url":"https:\/\/www.tokopedia.com\/usmani1\/jahe-merah-ratu-lebah-super-plus-madu-dan-gula-aren-12-sachet?extParam=ivf%3Dfalse%26keyword%3Dgula+aren%26src%3Dsearch",
    "search_query":"gula aren",
    "weight_kg":null,
    "price_per_kg":null,
    "0":"cair",
    "1":"organik"
  },
  {
    "_id":{
      "$oid":"684903437013c07662ad8a5b"
    },
    "timestamp_scrape":"2025-06-11T10:59:07.658996",
    "ecommerce":"Tokopedia",
    "product_name":"Gula Aren bungkus daun kelapa asli gula aren 1kg 500gr",
    "price_raw":"Rp33.700",
    "price_clean":33700.0,
    "shop_name":"AriEventStore",
    "location":"Lokasi tidak tersedia",
    "sold_count_raw":"100+ terjual",
    "sold_count_clean":100.0,
    "product_url":"https:\/\/www.tokopedia.com\/arieventstore\/gula-aren-bungkus-daun-kelapa-asli-gula-aren-1kg-500gr-1-2-kg-23bf1?extParam=ivf%3Dfalse%26keyword%3Dgula+aren%26src%3Dsearch",
    "search_query":"gula aren",
    "weight_kg":1.0,
    "price_per_kg":33700.0,
    "0":"lain",
    "1":"umum"
  },
  {
    "_id":{
      "$oid":"684903437013c07662ad8a5d"
    },
    "timestamp_scrape":"2025-06-11T10:59:08.844738",
    "ecommerce":"Tokopedia",
    "product_name":"Gula Aren Baduy Lebak Banten Pandeglang",
    "price_raw":"Rp16.500",
    "price_clean":16500.0,
    "shop_name":"Jaya Ria Toko",
    "location":"Lokasi tidak tersedia",
    "sold_count_raw":"250+ terjual",
    "sold_count_clean":250.0,
    "product_url":"https:\/\/www.tokopedia.com\/tokojayaria\/gula-aren-baduy-lebak-banten-pandeglang?extParam=ivf%3Dfalse%26keyword%3Dgula+aren%26src%3Dsearch",
    "search_query":"gula aren",
    "weight_kg":null,
    "price_per_kg":null,
    "0":"cair",
    "1":"umum"
  },
  {
    "_id":{
      "$oid":"684903437013c07662ad8a5e"
    },
    "timestamp_scrape":"2025-06-11T10:59:09.436052",
    "ecommerce":"Tokopedia",
    "product_name":"GULA AREN CAIR \/ GULA MERAH CAIR NATURAL PALM SUGAR CAIR WELLS - 1 KG",
    "price_raw":"Rp46.000",
    "price_clean":46000.0,
    "shop_name":"TokoBijiKopiByWells",
    "location":"Lokasi tidak tersedia",
    "sold_count_raw":"1rb+ terjual",
    "sold_count_clean":1000.0,
    "product_url":"https:\/\/www.tokopedia.com\/toko-biji-kopi\/gula-aren-cair-gula-merah-cair-natural-palm-sugar-cair-wells-1-kg?extParam=ivf%3Dfalse%26keyword%3Dgula+aren%26src%3Dsearch",
    "search_query":"gula aren",
    "weight_kg":1.0,
    "price_per_kg":46000.0,
    "0":"lain",
    "1":"umum"
  },
  {
    "_id":{
      "$oid":"684903437013c07662ad8a5f"
    },
    "timestamp_scrape":"2025-06-11T10:59:10.027246",
    "ecommerce":"Tokopedia",
    "product_name":"GULA AREN CAIR 1 KG - 1000 ml (HARGA PABRIK)",
    "price_raw":"Rp34.000",
    "price_clean":34000.0,
    "shop_name":"Grosir NoorHalal",
    "location":"Lokasi tidak tersedia",
    "sold_count_raw":"5rb+ terjual",
    "sold_count_clean":5000.0,
    "product_url":"https:\/\/www.tokopedia.com\/grosirnoorhalal\/gula-aren-cair-1-kg-1000-ml-harga-pabrik?extParam=ivf%3Dfalse%26keyword%3Dgula+aren%26src%3Dsearch",
    "search_query":"gula aren",
    "weight_kg":1.0,
    "price_per_kg":34000.0,
    "0":"lain",
    "1":"umum"
  },
  {
    "_id":{
      "$oid":"684903437013c07662ad8a60"
    },
    "timestamp_scrape":"2025-06-11T10:59:10.616137",
    "ecommerce":"Tokopedia",
    "product_name":"KUE BURAYOT GULA AREN KHAS GARUT isi 20 pcs",
    "price_raw":"Rp46.000",
    "price_clean":46000.0,
    "shop_name":"Dendinyoo",
    "location":"Lokasi tidak tersedia",
    "sold_count_raw":"2rb+ terjual",
    "sold_count_clean":2000.0,
    "product_url":"https:\/\/www.tokopedia.com\/dendinyoo\/kue-burayot-gula-aren-khas-garut-isi-20-pcs-1729722520809866977?extParam=ivf%3Dfalse%26keyword%3Dgula+aren%26src%3Dsearch",
    "search_query":"gula aren",
    "weight_kg":null,
    "price_per_kg":null,
    "0":"bubuk",
    "1":"umum"
  },
  {
    "_id":{
      "$oid":"684903437013c07662ad8a61"
    },
    "timestamp_scrape":"2025-06-11T10:59:11.208599",
    "ecommerce":"Tokopedia",
    "product_name":"Gula aren cair kemasan 1 liter ( netto : 1.4kg)",
    "price_raw":"Rp38.500",
    "price_clean":38500.0,
    "shop_name":"Aren Mbah Mi Official",
    "location":"Lokasi tidak tersedia",
    "sold_count_raw":"1rb+ terjual",
    "sold_count_clean":1000.0,
    "product_url":"https:\/\/www.tokopedia.com\/arenmbahmi\/gula-aren-cair-kemasan-1-liter-netto-1-4kg?extParam=ivf%3Dfalse%26keyword%3Dgula+aren%26src%3Dsearch",
    "search_query":"gula aren",
    "weight_kg":1.0,
    "price_per_kg":38500.0,
    "0":"cair",
    "1":"organik"
  },
  {
    "_id":{
      "$oid":"684903437013c07662ad8a62"
    },
    "timestamp_scrape":"2025-06-11T10:59:11.804469",
    "ecommerce":"Tokopedia",
    "product_name":"Gula Aren Cair Palm Sugar Premium Organik 1Kg Asli Murni",
    "price_raw":"Rp25.000",
    "price_clean":25000.0,
    "shop_name":"Harra Natural",
    "location":"Lokasi tidak tersedia",
    "sold_count_raw":"40+ terjual",
    "sold_count_clean":40.0,
    "product_url":"https:\/\/www.tokopedia.com\/pamulanggrosir\/gula-aren-cair-palm-sugar-premium-organik-1kg-asli-murni-1730995296086623831?extParam=ivf%3Dfalse%26keyword%3Dgula+aren%26src%3Dsearch",
    "search_query":"gula aren",
    "weight_kg":1.0,
    "price_per_kg":25000.0,
    "0":"lain",
    "1":"umum"
  },
  {
    "_id":{
      "$oid":"684903437013c07662ad8a63"
    },
    "timestamp_scrape":"2025-06-11T10:59:12.407316",
    "ecommerce":"Tokopedia",
    "product_name":"gula aren cap kerbau",
    "price_raw":"Rp14.800",
    "price_clean":14800.0,
    "shop_name":"tokowijayaglc",
    "location":"Lokasi tidak tersedia",
    "sold_count_raw":"6rb+ terjual",
    "sold_count_clean":6000.0,
    "product_url":"https:\/\/www.tokopedia.com\/kurakushop\/gula-aren-cap-kerbau?extParam=ivf%3Dfalse%26keyword%3Dgula+aren%26src%3Dsearch",
    "search_query":"gula aren",
    "weight_kg":null,
    "price_per_kg":null,
    "0":"lain",
    "1":"umum"
  },
  {
    "_id":{
      "$oid":"684903437013c07662ad8a64"
    },
    "timestamp_scrape":"2025-06-11T10:59:13.001568",
    "ecommerce":"Tokopedia",
    "product_name":"GULA CAIR HILWA VARIAN JERIGEN 5KG",
    "price_raw":"Rp95.000",
    "price_clean":95000.0,
    "shop_name":"gulacairhilwa",
    "location":"Lokasi tidak tersedia",
    "sold_count_raw":"1 terjual",
    "sold_count_clean":1.0,
    "product_url":"https:\/\/www.tokopedia.com\/gulacairnaturindo\/gula-cair-hilwa-varian-jerigen-5kg?extParam=ivf%3Dfalse%26keyword%3Dgula+aren&src=topads",
    "search_query":"gula aren",
    "weight_kg":5.0,
    "price_per_kg":19000.0,
    "0":"cair",
    "1":"umum"
  },
  {
    "_id":{
      "$oid":"684903437013c07662ad8a65"
    },
    "timestamp_scrape":"2025-06-11T10:59:45.446311",
    "ecommerce":"Tokopedia",
    "product_name":"GULA TEBU CAIR HILWA - VARIAN 30KG",
    "price_raw":"Rp480.000",
    "price_clean":480000.0,
    "shop_name":"Sweeteners Center",
    "location":"Lokasi tidak tersedia",
    "sold_count_raw":"1rb+ terjual",
    "sold_count_clean":1000.0,
    "product_url":"https:\/\/www.tokopedia.com\/sweetenerscenter\/gula-tebu-cair-hilwa-varian-30kg-1730832991432050185?extParam=ivf%3Dfalse%26keyword%3Dgula+aren&src=topads",
    "search_query":"gula aren",
    "weight_kg":30.0,
    "price_per_kg":16000.0,
    "0":"lain",
    "1":"umum"
  },
  {
    "_id":{
      "$oid":"684903437013c07662ad8a67"
    },
    "timestamp_scrape":"2025-06-11T10:59:46.636067",
    "ecommerce":"Tokopedia",
    "product_name":"Telor Gabus 250gr \/ Stik Telur Gabus Manis Gula Aren Merah Kiloan",
    "price_raw":"Rp26.970",
    "price_clean":26970.0,
    "shop_name":"AHR Jaya Snack",
    "location":"Lokasi tidak tersedia",
    "sold_count_raw":"100+ terjual",
    "sold_count_clean":100.0,
    "product_url":"https:\/\/www.tokopedia.com\/ahrjayasnack\/telor-gabus-250gr-stik-telur-gabus-manis-gula-aren-merah-kiloan?extParam=ivf%3Dfalse%26keyword%3Dgula+aren%26src%3Dsearch",
    "search_query":"gula aren",
    "weight_kg":0.25,
    "price_per_kg":107880.0,
    "0":"lain",
    "1":"murni"
  },
  {
    "_id":{
      "$oid":"684903437013c07662ad8a68"
    },
    "timestamp_scrape":"2025-06-11T10:59:47.230179",
    "ecommerce":"Tokopedia",
    "product_name":"TROPICANA SLIM GULA JAWA 350 ML \/ TROPICANA GULA AREN 350 ML",
    "price_raw":"Rp65.000",
    "price_clean":65000.0,
    "shop_name":"Roku Mart",
    "location":"Lokasi tidak tersedia",
    "sold_count_raw":"250+ terjual",
    "sold_count_clean":250.0,
    "product_url":"https:\/\/www.tokopedia.com\/rokumart\/tropicana-slim-gula-jawa-350-ml-tropicana-gula-aren-350-ml?extParam=ivf%3Dfalse%26keyword%3Dgula+aren%26src%3Dsearch",
    "search_query":"gula aren",
    "weight_kg":0.35,
    "price_per_kg":185714.2857142857,
    "0":"cair",
    "1":"umum"
  },
  {
    "_id":{
      "$oid":"684903437013c07662ad8a69"
    },
    "timestamp_scrape":"2025-06-11T10:59:47.826968",
    "ecommerce":"Tokopedia",
    "product_name":"Gula Semut Timor 200gr",
    "price_raw":"Rp19.000",
    "price_clean":19000.0,
    "shop_name":"MAMA ANA Kupang",
    "location":"Lokasi tidak tersedia",
    "sold_count_raw":"250+ terjual",
    "sold_count_clean":250.0,
    "product_url":"https:\/\/www.tokopedia.com\/kupang2018\/gula-semut-timor-200gr?extParam=ivf%3Dfalse%26keyword%3Dgula+aren&src=topads",
    "search_query":"gula aren",
    "weight_kg":0.2,
    "price_per_kg":95000.0,
    "0":"cair",
    "1":"umum"
  },
  {
    "_id":{
      "$oid":"684903437013c07662ad8a6a"
    },
    "timestamp_scrape":"2025-06-11T10:59:48.425901",
    "ecommerce":"Tokopedia",
    "product_name":"(KHUSUS GOJEK\/GRAB) GULA AREN CAIR ORGANIK MURNI NIRA AREN",
    "price_raw":"Rp45.000",
    "price_clean":45000.0,
    "shop_name":"JAGOAN FOOD",
    "location":"Lokasi tidak tersedia",
    "sold_count_raw":"10rb+ terjual",
    "sold_count_clean":10000.0,
    "product_url":"https:\/\/www.tokopedia.com\/jagoanfood\/khusus-gojek-grab-gula-aren-cair-organik-murni-nira-aren?extParam=ivf%3Dfalse%26keyword%3Dgula+aren%26src%3Dsearch",
    "search_query":"gula aren",
    "weight_kg":null,
    "price_per_kg":null,
    "0":"lain",
    "1":"umum"
  },
  {
    "_id":{
      "$oid":"684903437013c07662ad8a6b"
    },
    "timestamp_scrape":"2025-06-11T10:59:49.026708",
    "ecommerce":"Tokopedia",
    "product_name":"KAPAL API Special Mix Gula Aren 1 Pack (10 x 23 gr)",
    "price_raw":"Rp19.500",
    "price_clean":19500.0,
    "shop_name":"Kapal Api Store",
    "location":"Lokasi tidak tersedia",
    "sold_count_raw":"10rb+ terjual",
    "sold_count_clean":10000.0,
    "product_url":"https:\/\/www.tokopedia.com\/kapalapistore\/kapal-api-special-mix-gula-aren-1-pack-10-x-23-gr?extParam=ivf%3Dfalse%26keyword%3Dgula+aren%26src%3Dsearch",
    "search_query":"gula aren",
    "weight_kg":0.023,
    "price_per_kg":847826.0869565217,
    "0":"bubuk",
    "1":"murni"
  },
  {
    "_id":{
      "$oid":"684903437013c07662ad8a6d"
    },
    "timestamp_scrape":"2025-06-11T10:59:50.231327",
    "ecommerce":"Tokopedia",
    "product_name":"G-Max Kopi Gingseng dan Gula Aren 1 Box isi 10 Sachet BPOM MD 867012007300",
    "price_raw":"Rp84.000",
    "price_clean":84000.0,
    "shop_name":"Hulya ID",
    "location":"Lokasi tidak tersedia",
    "sold_count_raw":"28 terjual",
    "sold_count_clean":28.0,
    "product_url":"https:\/\/www.tokopedia.com\/hulyaid\/g-max-kopi-gingseng-dan-gula-aren-1-box-isi-10-sachet-bpom-md-867012007300-1731150872650745200?extParam=ivf%3Dtrue%26keyword%3Dgula+aren%26src%3Dsearch",
    "search_query":"gula aren",
    "weight_kg":null,
    "price_per_kg":null,
    "0":"lain",
    "1":"umum"
  },
  {
    "_id":{
      "$oid":"684903437013c07662ad8a6e"
    },
    "timestamp_scrape":"2025-06-11T10:59:50.823327",
    "ecommerce":"Tokopedia",
    "product_name":"Gula Aren Cair \/ Gula Jawa Cair \/ Brown Sugar Syrup 1 kg",
    "price_raw":"Rp24.900",
    "price_clean":24900.0,
    "shop_name":"rumah kebab jakarta",
    "location":"Lokasi tidak tersedia",
    "sold_count_raw":"750+ terjual",
    "sold_count_clean":750.0,
    "product_url":"https:\/\/www.tokopedia.com\/rumah-kebab\/gula-aren-cair-gula-jawa-cair-brown-sugar-syrup-1-kg?extParam=ivf%3Dfalse%26keyword%3Dgula+aren%26src%3Dsearch",
    "search_query":"gula aren",
    "weight_kg":1.0,
    "price_per_kg":24900.0,
    "0":"lain",
    "1":"organik"
  },
  {
    "_id":{
      "$oid":"684903437013c07662ad8a6f"
    },
    "timestamp_scrape":"2025-06-11T10:59:51.417910",
    "ecommerce":"Tokopedia",
    "product_name":"Gula Aren Asli - Gula Kawung - Gula aren Lonjor - Gula Bungkus Daun",
    "price_raw":"Rp22.900",
    "price_clean":22900.0,
    "shop_name":"CIKALSARI OFFICIAL STORE",
    "location":"Lokasi tidak tersedia",
    "sold_count_raw":"1rb+ terjual",
    "sold_count_clean":1000.0,
    "product_url":"https:\/\/www.tokopedia.com\/cikalsari\/gula-aren-asli-gula-kawung-gula-aren-lonjor-gula-bungkus-daun?extParam=ivf%3Dfalse%26keyword%3Dgula+aren%26src%3Dsearch",
    "search_query":"gula aren",
    "weight_kg":null,
    "price_per_kg":null,
    "0":"lain",
    "1":"umum"
  },
  {
    "_id":{
      "$oid":"684903437013c07662ad8a70"
    },
    "timestamp_scrape":"2025-06-11T10:59:52.019874",
    "ecommerce":"Tokopedia",
    "product_name":"gula aren palm zuiker palmzuiker 1kg gula semut",
    "price_raw":"Rp48.000",
    "price_clean":48000.0,
    "shop_name":"NabKa store",
    "location":"Lokasi tidak tersedia",
    "sold_count_raw":"1rb+ terjual",
    "sold_count_clean":1000.0,
    "product_url":"https:\/\/www.tokopedia.com\/pembalutherbalam\/gula-aren-palm-zuiker-palmzuiker-1kg-gula-semut-kemasan-lama?extParam=ivf%3Dfalse%26keyword%3Dgula+aren%26src%3Dsearch",
    "search_query":"gula aren",
    "weight_kg":1.0,
    "price_per_kg":48000.0,
    "0":"lain",
    "1":"umum"
  },
  {
    "_id":{
      "$oid":"684903437013c07662ad8a71"
    },
    "timestamp_scrape":"2025-06-11T10:59:52.617810",
    "ecommerce":"Tokopedia",
    "product_name":"Gula Aren Murni Asli Cianjur",
    "price_raw":"Rp26.000",
    "price_clean":26000.0,
    "shop_name":"Toko Iboek - Premium Groceries",
    "location":"Lokasi tidak tersedia",
    "sold_count_raw":"100+ terjual",
    "sold_count_clean":100.0,
    "product_url":"https:\/\/www.tokopedia.com\/tokoiboek\/gula-aren-murni-asli-cianjur-500gr?extParam=ivf%3Dfalse%26keyword%3Dgula+aren%26src%3Dsearch",
    "search_query":"gula aren",
    "weight_kg":null,
    "price_per_kg":null,
    "0":"cair",
    "1":"organik"
  },
  {
    "_id":{
      "$oid":"684903437013c07662ad8a72"
    },
    "timestamp_scrape":"2025-06-11T10:59:53.209552",
    "ecommerce":"Tokopedia",
    "product_name":"Paket Espresso Cair \/ Konsentrat 1 Liter + Gula Aren 1 Liter",
    "price_raw":"Rp125.000",
    "price_clean":125000.0,
    "shop_name":"Kieta Coffee Roastery",
    "location":"Lokasi tidak tersedia",
    "sold_count_raw":"750+ terjual",
    "sold_count_clean":750.0,
    "product_url":"https:\/\/www.tokopedia.com\/coffeetamper\/paket-espresso-cair-konsentrat-1-liter-gula-aren-1-liter-robusta-gayo?extParam=ivf%3Dfalse%26keyword%3Dgula+aren%26src%3Dsearch",
    "search_query":"gula aren",
    "weight_kg":1.0,
    "price_per_kg":125000.0,
    "0":"lain",
    "1":"umum"
  },
  {
    "_id":{
      "$oid":"684903437013c07662ad8a73"
    },
    "timestamp_scrape":"2025-06-11T10:59:53.822499",
    "ecommerce":"Tokopedia",
    "product_name":"Gulare Brown Sugar Syrup \/ Gula Aren Cair [Jerigen 1.3 Kg]",
    "price_raw":"Rp71.205",
    "price_clean":71205.0,
    "shop_name":"masterkopimalang",
    "location":"Lokasi tidak tersedia",
    "sold_count_raw":"50+ terjual",
    "sold_count_clean":50.0,
    "product_url":"https:\/\/www.tokopedia.com\/okgrosir\/gulare-brown-sugar-syrup-gula-aren-cair-jerigen-1-3-kg-gula-aren-cair-16ba9?extParam=ivf%3Dfalse%26keyword%3Dgula+aren%26src%3Dsearch",
    "search_query":"gula aren",
    "weight_kg":1.3,
    "price_per_kg":54773.0769230769,
    "0":"bubuk",
    "1":"umum"
  },
  {
    "_id":{
      "$oid":"684903437013c07662ad8a75"
    },
    "timestamp_scrape":"2025-06-11T11:00:17.783155",
    "ecommerce":"Tokopedia",
    "product_name":"Jahe Rempah Instan Plus Gula MBAH JAYUS",
    "price_raw":"Rp23.000",
    "price_clean":23000.0,
    "shop_name":"jahembahjayus",
    "location":"Lokasi tidak tersedia",
    "sold_count_raw":"28 terjual",
    "sold_count_clean":28.0,
    "product_url":"https:\/\/www.tokopedia.com\/jahembahjayus\/jahe-rempah-instan-plus-gula-mbah-jayus?extParam=ivf%3Dfalse%26keyword%3Dgula+aren&src=topads",
    "search_query":"gula aren",
    "weight_kg":null,
    "price_per_kg":null,
    "0":"lain",
    "1":"umum"
  },
  {
    "_id":{
      "$oid":"684903437013c07662ad8a77"
    },
    "timestamp_scrape":"2025-06-11T11:00:18.961150",
    "ecommerce":"Tokopedia",
    "product_name":"ETAFIT - 1 - 3 BOX - Solusi Masalah ISPA ( Infeksi Saluran Pernafasan ) - Susu Kambing Etawa Bubuk Asli 100% Murni Original -  Bahan Herbal - Gula Aren - Jahe Merah - Dairy Milk - Kurma Arab - Susu Serbuk",
    "price_raw":"Rp89.998",
    "price_clean":89998.0,
    "shop_name":"Etafit",
    "location":"Lokasi tidak tersedia",
    "sold_count_raw":"250+ terjual",
    "sold_count_clean":250.0,
    "product_url":"https:\/\/www.tokopedia.com\/etafit-574\/etafit-1-3-box-solusi-masalah-ispa-infeksi-saluran-pernafasan-susu-kambing-etawa-bubuk-asli-100-murni-original-bahan-herbal-gula-aren-jahe-merah-dairy-milk-kurma-arab-susu-serbuk-1729726647025567940?extParam=ivf%3Dfalse%26keyword%3Dgula+aren%26src%3Dsearch",
    "search_query":"gula aren",
    "weight_kg":null,
    "price_per_kg":null,
    "0":"lain",
    "1":"murni"
  },
  {
    "_id":{
      "$oid":"684903437013c07662ad8a78"
    },
    "timestamp_scrape":"2025-06-11T11:00:19.557946",
    "ecommerce":"Tokopedia",
    "product_name":"Gula Aren \/ Palm Sugar \/ Brown Sugar (1 kilogram) by Granology",
    "price_raw":"Rp29.900",
    "price_clean":29900.0,
    "shop_name":"Granology",
    "location":"Lokasi tidak tersedia",
    "sold_count_raw":"3rb+ terjual",
    "sold_count_clean":3000.0,
    "product_url":"https:\/\/www.tokopedia.com\/granologystore\/gula-aren-palm-sugar-brown-sugar-1-kilogram-by-granology?extParam=ivf%3Dfalse%26keyword%3Dgula+aren%26src%3Dsearch",
    "search_query":"gula aren",
    "weight_kg":null,
    "price_per_kg":null,
    "0":"lain",
    "1":"umum"
  },
  {
    "_id":{
      "$oid":"684903437013c07662ad8a79"
    },
    "timestamp_scrape":"2025-06-11T11:00:20.151818",
    "ecommerce":"Tokopedia",
    "product_name":"Palm Sugar 400 gr ricoman gula aren",
    "price_raw":"Rp18.000",
    "price_clean":18000.0,
    "shop_name":"collins terang",
    "location":"Lokasi tidak tersedia",
    "sold_count_raw":"1rb+ terjual",
    "sold_count_clean":1000.0,
    "product_url":"https:\/\/www.tokopedia.com\/suksesgreenworld\/palm-sugar-400-gr-ricoman-gula-aren?extParam=ivf%3Dfalse%26keyword%3Dgula+aren%26src%3Dsearch",
    "search_query":"gula aren",
    "weight_kg":0.4,
    "price_per_kg":45000.0,
    "0":"cair",
    "1":"umum"
  },
  {
    "_id":{
      "$oid":"684903437013c07662ad8a7a"
    },
    "timestamp_scrape":"2025-06-11T11:00:20.765572",
    "ecommerce":"Tokopedia",
    "product_name":"Grosir Gula aren asli 1KG \/ Gula Kawung Asli Organik paling murah",
    "price_raw":"Rp23.798",
    "price_clean":23798.0,
    "shop_name":"Mesay Surya",
    "location":"Lokasi tidak tersedia",
    "sold_count_raw":"1rb+ terjual",
    "sold_count_clean":1000.0,
    "product_url":"https:\/\/www.tokopedia.com\/mesay728\/grosir-gula-aren-asli-1kg-gula-kawung-asli-organik-paling-murah?extParam=ivf%3Dfalse%26keyword%3Dgula+aren%26src%3Dsearch",
    "search_query":"gula aren",
    "weight_kg":1.0,
    "price_per_kg":23798.0,
    "0":"lain",
    "1":"umum"
  },
  {
    "_id":{
      "$oid":"684903437013c07662ad8a7b"
    },
    "timestamp_scrape":"2025-06-11T11:00:21.363876",
    "ecommerce":"Tokopedia",
    "product_name":"Gula Aren Impor Mei Fah Brown Sugar in Pieces Gula Merah Batang",
    "price_raw":"Rp26.000",
    "price_clean":26000.0,
    "shop_name":"Goh Surono Online Shop",
    "location":"Lokasi tidak tersedia",
    "sold_count_raw":"1rb+ terjual",
    "sold_count_clean":1000.0,
    "product_url":"https:\/\/www.tokopedia.com\/gohsurono\/gula-aren-impor-mei-fah-brown-sugar-in-pieces-gula-merah-batang?extParam=ivf%3Dfalse%26keyword%3Dgula+aren%26src%3Dsearch",
    "search_query":"gula aren",
    "weight_kg":null,
    "price_per_kg":null,
    "0":"lain",
    "1":"umum"
  },
  {
    "_id":{
      "$oid":"684903437013c07662ad8a7c"
    },
    "timestamp_scrape":"2025-06-11T11:00:22.008987",
    "ecommerce":"Tokopedia",
    "product_name":"haldinfoods Sirup Gula Aren Reguler - 1 liter",
    "price_raw":"Rp75.000",
    "price_clean":75000.0,
    "shop_name":"haldinfoods",
    "location":"Lokasi tidak tersedia",
    "sold_count_raw":"100+ terjual",
    "sold_count_clean":100.0,
    "product_url":"https:\/\/www.tokopedia.com\/haldinfoods\/haldinfoods-sirup-gula-aren-reguler-1-liter-1729656201644182327?extParam=ivf%3Dfalse%26keyword%3Dgula+aren%26src%3Dsearch",
    "search_query":"gula aren",
    "weight_kg":1.0,
    "price_per_kg":75000.0,
    "0":"cair",
    "1":"umum"
  },
  {
    "_id":{
      "$oid":"684903437013c07662ad8a7d"
    },
    "timestamp_scrape":"2025-06-11T11:00:22.606403",
    "ecommerce":"Tokopedia",
    "product_name":"Gula Aren Cair Murni dan Organik Mahorahora 1liter (Premium, Halal dan Alami) Sugar",
    "price_raw":"Rp55.000",
    "price_clean":55000.0,
    "shop_name":"Mahorahora Gula Aren",
    "location":"Lokasi tidak tersedia",
    "sold_count_raw":"8rb+ terjual",
    "sold_count_clean":8000.0,
    "product_url":"https:\/\/www.tokopedia.com\/mahorahoragulaaren\/gula-aren-cair-murni-dan-organik-mahorahora-1liter-premium-halal-dan-alami-sugar-1729567169478101396?extParam=ivf%3Dfalse%26keyword%3Dgula+aren%26src%3Dsearch",
    "search_query":"gula aren",
    "weight_kg":1.0,
    "price_per_kg":55000.0,
    "0":"lain",
    "1":"umum"
  },
  {
    "_id":{
      "$oid":"684903437013c07662ad8a7e"
    },
    "timestamp_scrape":"2025-06-11T11:00:23.260979",
    "ecommerce":"Tokopedia",
    "product_name":"Kue Ali Agrem, kue Cincin 1 Box Beras Merah Kelapa dan Gula Aren - Food",
    "price_raw":"Rp25.800",
    "price_clean":25800.0,
    "shop_name":"Snackplus62",
    "location":"Lokasi tidak tersedia",
    "sold_count_raw":"5rb+ terjual",
    "sold_count_clean":5000.0,
    "product_url":"https:\/\/www.tokopedia.com\/snackplus62\/kue-ali-agrem-kue-cincin-1-box-beras-merah-kelapa-dan-gula-aren-food-1729653835694179512?extParam=ivf%3Dfalse%26keyword%3Dgula+aren%26src%3Dsearch",
    "search_query":"gula aren",
    "weight_kg":null,
    "price_per_kg":null,
    "0":"bubuk",
    "1":"organik"
  },
  {
    "_id":{
      "$oid":"684903437013c07662ad8a7f"
    },
    "timestamp_scrape":"2025-06-11T11:00:23.869713",
    "ecommerce":"Tokopedia",
    "product_name":"Gula Aren Bubuk Premium Timurasa 500g: Bahan Food Sehat dengan Low GI dan Manis Alami",
    "price_raw":"Rp31.395",
    "price_clean":31395.0,
    "shop_name":"Timurasa Indonesia",
    "location":"Lokasi tidak tersedia",
    "sold_count_raw":"4rb+ terjual",
    "sold_count_clean":4000.0,
    "product_url":"https:\/\/www.tokopedia.com\/timurasaindonesi\/gula-aren-bubuk-premium-timurasa-500g-bahan-food-sehat-dengan-low-gi-dan-manis-alami-1729572216348051457?extParam=ivf%3Dfalse%26keyword%3Dgula+aren%26src%3Dsearch",
    "search_query":"gula aren",
    "weight_kg":0.5,
    "price_per_kg":62790.0,
    "0":"lain",
    "1":"umum"
  },
  {
    "_id":{
      "$oid":"684903437013c07662ad8a80"
    },
    "timestamp_scrape":"2025-06-11T11:00:24.477968",
    "ecommerce":"Tokopedia",
    "product_name":"Kopi Khas Day Kedayuji - Kopi Susu Gula Aren 200ml",
    "price_raw":"Rp18.000",
    "price_clean":18000.0,
    "shop_name":"Kedayuji",
    "location":"Lokasi tidak tersedia",
    "sold_count_raw":"1 terjual",
    "sold_count_clean":1.0,
    "product_url":"https:\/\/www.tokopedia.com\/kedayuji\/kopi-khas-day-kedayuji-kopi-susu-gula-aren-200ml?extParam=ivf%3Dfalse%26keyword%3Dgula+aren%26src%3Dsearch",
    "search_query":"gula aren",
    "weight_kg":0.2,
    "price_per_kg":90000.0,
    "0":"cair",
    "1":"organik"
  },
  {
    "_id":{
      "$oid":"684903437013c07662ad8a81"
    },
    "timestamp_scrape":"2025-06-11T11:00:25.079090",
    "ecommerce":"Tokopedia",
    "product_name":"Jahe Merah Gula Aren Plus Habbatussauda Merk LAM88",
    "price_raw":"Rp24.000",
    "price_clean":24000.0,
    "shop_name":"liviagungmandiri",
    "location":"Lokasi tidak tersedia",
    "sold_count_raw":"500+ terjual",
    "sold_count_clean":500.0,
    "product_url":"https:\/\/www.tokopedia.com\/liviagung\/jahe-merah-gula-aren-plus-habbatussauda-100-premium-250gr-b5f87?extParam=ivf%3Dfalse%26keyword%3Dgula+aren%26src%3Dsearch",
    "search_query":"gula aren",
    "weight_kg":null,
    "price_per_kg":null,
    "0":"cair",
    "1":"umum"
  },
  {
    "_id":{
      "$oid":"684903437013c07662ad8a84"
    },
    "timestamp_scrape":"2025-06-11T11:00:53.811973",
    "ecommerce":"Tokopedia",
    "product_name":"Gula Aren Cair Murni 1Kg \/ Palm Sugar \/ Gula Aren Cair Asli 100%",
    "price_raw":"Rp26.900",
    "price_clean":26900.0,
    "shop_name":"CIKALSARI OFFICIAL STORE",
    "location":"Lokasi tidak tersedia",
    "sold_count_raw":"2rb+ terjual",
    "sold_count_clean":2000.0,
    "product_url":"https:\/\/www.tokopedia.com\/cikalsari\/gula-aren-cair-murni-1kg-palm-sugar-gula-aren-cair-asli-100?extParam=ivf%3Dfalse%26keyword%3Dgula+aren%26src%3Dsearch",
    "search_query":"gula aren",
    "weight_kg":1.0,
    "price_per_kg":26900.0,
    "0":"lain",
    "1":"umum"
  },
  {
    "_id":{
      "$oid":"684903437013c07662ad8a85"
    },
    "timestamp_scrape":"2025-06-11T11:00:54.403106",
    "ecommerce":"Tokopedia",
    "product_name":"Gula Aren bungkus daun asli murni 1kg",
    "price_raw":"Rp33.500",
    "price_clean":33500.0,
    "shop_name":"TOKO FARRA_JAYA",
    "location":"Lokasi tidak tersedia",
    "sold_count_raw":"250+ terjual",
    "sold_count_clean":250.0,
    "product_url":"https:\/\/www.tokopedia.com\/tokofarrajaya\/gula-aren-bungkus-daun-asli-murni-1kg?extParam=ivf%3Dfalse%26keyword%3Dgula+aren%26src%3Dsearch",
    "search_query":"gula aren",
    "weight_kg":1.0,
    "price_per_kg":33500.0,
    "0":"bubuk",
    "1":"umum"
  },
  {
    "_id":{
      "$oid":"684903437013c07662ad8a87"
    },
    "timestamp_scrape":"2025-06-11T11:00:55.590853",
    "ecommerce":"Tokopedia",
    "product_name":"HARGA MURAH ABC susu gula aren FREE @20gr",
    "price_raw":"Rp688",
    "price_clean":688.0,
    "shop_name":"ES Shopp",
    "location":"Lokasi tidak tersedia",
    "sold_count_raw":"60+ terjual",
    "sold_count_clean":60.0,
    "product_url":"https:\/\/www.tokopedia.com\/esshopp\/harga-murah-abc-susu-gula-aren-free-20gr?extParam=ivf%3Dfalse%26keyword%3Dgula+aren%26src%3Dsearch",
    "search_query":"gula aren",
    "weight_kg":0.02,
    "price_per_kg":34400.0,
    "0":"lain",
    "1":"umum"
  },
  {
    "_id":{
      "$oid":"684903437013c07662ad8a88"
    },
    "timestamp_scrape":"2025-06-11T11:00:56.211310",
    "ecommerce":"Tokopedia",
    "product_name":"Gula Aren Cair PREMIUM Gulare 1.3 Kg | Palm Sugar Syrup Sirup 1.3 HALAL",
    "price_raw":"Rp68.400",
    "price_clean":68400.0,
    "shop_name":"Benku Mart Jakarta Barat",
    "location":"Lokasi tidak tersedia",
    "sold_count_raw":"250+ terjual",
    "sold_count_clean":250.0,
    "product_url":"https:\/\/www.tokopedia.com\/benkumart\/gula-aren-cair-premium-gulare-1-3-kg-palm-sugar-syrup-sirup-1-3-halal?extParam=ivf%3Dfalse%26keyword%3Dgula+aren%26src%3Dsearch",
    "search_query":"gula aren",
    "weight_kg":1.3,
    "price_per_kg":52615.3846153846,
    "0":"cair",
    "1":"umum"
  },
  {
    "_id":{
      "$oid":"684903437013c07662ad8a8a"
    },
    "timestamp_scrape":"2025-06-11T11:00:57.418428",
    "ecommerce":"Tokopedia",
    "product_name":"Jahe Merah Gula Jawa \/ Aren VAN JAVA 1 Kg",
    "price_raw":"Rp80.000",
    "price_clean":80000.0,
    "shop_name":"Alif Herbal",
    "location":"Lokasi tidak tersedia",
    "sold_count_raw":"250+ terjual",
    "sold_count_clean":250.0,
    "product_url":"https:\/\/www.tokopedia.com\/assundari\/jahe-merah-gula-jawa-aren-van-java-1-kg?extParam=ivf%3Dfalse%26keyword%3Dgula+aren%26src%3Dsearch",
    "search_query":"gula aren",
    "weight_kg":1.0,
    "price_per_kg":80000.0,
    "0":"cair",
    "1":"organik"
  },
  {
    "_id":{
      "$oid":"684903437013c07662ad8a8b"
    },
    "timestamp_scrape":"2025-06-11T11:00:58.009056",
    "ecommerce":"Tokopedia",
    "product_name":"GULA AREN 1 KG ASLI LEBAK 100% 0RIGINAL",
    "price_raw":"Rp27.900",
    "price_clean":27900.0,
    "shop_name":"Renzy hindun",
    "location":"Lokasi tidak tersedia",
    "sold_count_raw":"250+ terjual",
    "sold_count_clean":250.0,
    "product_url":"https:\/\/www.tokopedia.com\/renzyhishop\/gula-aren-1-kg-asli-lebak-100-0riginal?extParam=ivf%3Dfalse%26keyword%3Dgula+aren%26src%3Dsearch",
    "search_query":"gula aren",
    "weight_kg":1.0,
    "price_per_kg":27900.0,
    "0":"lain",
    "1":"umum"
  },
  {
    "_id":{
      "$oid":"684903437013c07662ad8a8c"
    },
    "timestamp_scrape":"2025-06-11T11:00:58.600346",
    "ecommerce":"Tokopedia",
    "product_name":"Gula Aren Cair \/ Gula Aren Sirup 1 Liter",
    "price_raw":"Rp37.500",
    "price_clean":37500.0,
    "shop_name":"Paramafood",
    "location":"Lokasi tidak tersedia",
    "sold_count_raw":"50+ terjual",
    "sold_count_clean":50.0,
    "product_url":"https:\/\/www.tokopedia.com\/paramafood\/gula-aren-cair-gula-aren-sirup-1-liter?extParam=ivf%3Dfalse%26keyword%3Dgula+aren%26src%3Dsearch",
    "search_query":"gula aren",
    "weight_kg":1.0,
    "price_per_kg":37500.0,
    "0":"lain",
    "1":"umum"
  },
  {
    "_id":{
      "$oid":"684903437013c07662ad8a8d"
    },
    "timestamp_scrape":"2025-06-11T11:00:59.185125",
    "ecommerce":"Tokopedia",
    "product_name":"HEALTHY CHOICE Red Ginger Drink (Minuman Jahe dan Gula Aren)",
    "price_raw":"Rp71.000",
    "price_clean":71000.0,
    "shop_name":"Essentialstuffs",
    "location":"Lokasi tidak tersedia",
    "sold_count_raw":"500+ terjual",
    "sold_count_clean":500.0,
    "product_url":"https:\/\/www.tokopedia.com\/essentialstuffs\/healthy-choice-red-ginger-drink-minuman-jahe-dan-gula-aren?extParam=ivf%3Dfalse%26keyword%3Dgula+aren%26src%3Dsearch",
    "search_query":"gula aren",
    "weight_kg":null,
    "price_per_kg":null,
    "0":"cair",
    "1":"umum"
  },
  {
    "_id":{
      "$oid":"684903437013c07662ad8a8e"
    },
    "timestamp_scrape":"2025-06-11T11:00:59.775304",
    "ecommerce":"Tokopedia",
    "product_name":"Gula Aren Semut \/ Gula Aren Bubuk Asli Organik Alka Sari 100gr & 250gr",
    "price_raw":"Rp9.500",
    "price_clean":9500.0,
    "shop_name":"Alka Sari",
    "location":"Lokasi tidak tersedia",
    "sold_count_raw":"500+ terjual",
    "sold_count_clean":500.0,
    "product_url":"https:\/\/www.tokopedia.com\/alka-sari\/gula-aren-semut-gula-aren-bubuk-asli-organik-alka-sari-100gr-250gr-1729599821383240327?extParam=ivf%3Dfalse%26keyword%3Dgula+aren%26src%3Dsearch",
    "search_query":"gula aren",
    "weight_kg":0.1,
    "price_per_kg":95000.0,
    "0":"lain",
    "1":"umum"
  },
  {
    "_id":{
      "$oid":"684903437013c07662ad8a8f"
    },
    "timestamp_scrape":"2025-06-11T11:01:00.372008",
    "ecommerce":"Tokopedia",
    "product_name":"(Isi 125 pcs) Brown Sugar Stick Sachet - Gula Merah Aren Stik Saset",
    "price_raw":"Rp45.500",
    "price_clean":45500.0,
    "shop_name":"Yn.Yooga",
    "location":"Lokasi tidak tersedia",
    "sold_count_raw":"100+ terjual",
    "sold_count_clean":100.0,
    "product_url":"https:\/\/www.tokopedia.com\/ynyooga\/isi-125-pcs-brown-sugar-stick-sachet-gula-merah-aren-stik-saset-1729571129109153823?extParam=ivf%3Dfalse%26keyword%3Dgula+aren%26src%3Dsearch",
    "search_query":"gula aren",
    "weight_kg":null,
    "price_per_kg":null,
    "0":"bubuk",
    "1":"organik"
  },
  {
    "_id":{
      "$oid":"684903437013c07662ad8a90"
    },
    "timestamp_scrape":"2025-06-11T11:01:00.963316",
    "ecommerce":"Tokopedia",
    "product_name":"Palm Sugar Arenasa Gula Aren Cair 220ml Premium Organik",
    "price_raw":"Rp30.500",
    "price_clean":30500.0,
    "shop_name":"Al Dien Mart",
    "location":"Lokasi tidak tersedia",
    "sold_count_raw":"40+ terjual",
    "sold_count_clean":40.0,
    "product_url":"https:\/\/www.tokopedia.com\/aldienfrozen\/palm-sugar-arenasa-gula-aren-cair-220ml-premium-organik-1729568126267132277?extParam=ivf%3Dfalse%26keyword%3Dgula+aren%26src%3Dsearch",
    "search_query":"gula aren",
    "weight_kg":0.22,
    "price_per_kg":138636.3636363636,
    "0":"lain",
    "1":"umum"
  },
  {
    "_id":{
      "$oid":"684903437013c07662ad8a94"
    },
    "timestamp_scrape":"2025-06-11T11:01:29.621062",
    "ecommerce":"Tokopedia",
    "product_name":"Gula Aren Cair 1kg \/ Brown Sugar\/ Gula Merah Cair 1kg",
    "price_raw":"Rp24.400",
    "price_clean":24400.0,
    "shop_name":"Rumah kebab Nisa2",
    "location":"Lokasi tidak tersedia",
    "sold_count_raw":"4rb+ terjual",
    "sold_count_clean":4000.0,
    "product_url":"https:\/\/www.tokopedia.com\/rumahkebab\/gula-aren-cair-1kg-brown-sugar-gula-merah-cair-1kg?extParam=ivf%3Dfalse%26keyword%3Dgula+aren%26src%3Dsearch",
    "search_query":"gula aren",
    "weight_kg":1.0,
    "price_per_kg":24400.0,
    "0":"lain",
    "1":"umum"
  },
  {
    "_id":{
      "$oid":"684903437013c07662ad8a95"
    },
    "timestamp_scrape":"2025-06-11T11:01:30.223993",
    "ecommerce":"Tokopedia",
    "product_name":"GULARE gula aren cair sirup cair 1,liter",
    "price_raw":"Rp77.500",
    "price_clean":77500.0,
    "shop_name":"redgreen_NEW",
    "location":"Lokasi tidak tersedia",
    "sold_count_raw":"100+ terjual",
    "sold_count_clean":100.0,
    "product_url":"https:\/\/www.tokopedia.com\/evelyn12\/gulare-gula-aren-cair-sirup-cair-1-liter-1729581434276449005?extParam=ivf%3Dfalse%26keyword%3Dgula+aren%26src%3Dsearch",
    "search_query":"gula aren",
    "weight_kg":1.0,
    "price_per_kg":77500.0,
    "0":"lain",
    "1":"organik"
  },
  {
    "_id":{
      "$oid":"684903437013c07662ad8a97"
    },
    "timestamp_scrape":"2025-06-11T11:01:31.414491",
    "ecommerce":"Tokopedia",
    "product_name":"Kopi Susu 1 Liter Gula Aren Spesial Ramadhan",
    "price_raw":"Rp50.000",
    "price_clean":50000.0,
    "shop_name":"Cerita Kopiku Kini",
    "location":"Lokasi tidak tersedia",
    "sold_count_raw":"19 terjual",
    "sold_count_clean":19.0,
    "product_url":"https:\/\/www.tokopedia.com\/ceritakopiku\/kopi-susu-1-liter-gula-aren-spesial-ramadhan-kopisu?extParam=ivf%3Dfalse%26keyword%3Dgula+aren%26src%3Dsearch",
    "search_query":"gula aren",
    "weight_kg":1.0,
    "price_per_kg":50000.0,
    "0":"cair",
    "1":"umum"
  },
  {
    "_id":{
      "$oid":"684903437013c07662ad8a98"
    },
    "timestamp_scrape":"2025-06-11T11:01:32.004716",
    "ecommerce":"Tokopedia",
    "product_name":"Gula Aren Pigo Palm Sugar Gula Merah Tebu 200 gr",
    "price_raw":"Rp7.500",
    "price_clean":7500.0,
    "shop_name":"tokobundanunu",
    "location":"Lokasi tidak tersedia",
    "sold_count_raw":"250+ terjual",
    "sold_count_clean":250.0,
    "product_url":"https:\/\/www.tokopedia.com\/tokobundanunu\/gula-aren-pigo-palm-sugar-gula-merah-tebu-200-gr?extParam=ivf%3Dfalse%26keyword%3Dgula+aren%26src%3Dsearch",
    "search_query":"gula aren",
    "weight_kg":0.2,
    "price_per_kg":37500.0,
    "0":"lain",
    "1":"umum"
  },
  {
    "_id":{
      "$oid":"684903437013c07662ad8a9a"
    },
    "timestamp_scrape":"2025-06-11T11:01:33.192272",
    "ecommerce":"Tokopedia",
    "product_name":"GULA AREN BUBUK \/ NATURAL PALM SUGAR POWDER WELLS - 500 GRAM",
    "price_raw":"Rp22.200",
    "price_clean":22200.0,
    "shop_name":"TokoBijiKopiByWells",
    "location":"Lokasi tidak tersedia",
    "sold_count_raw":"250+ terjual",
    "sold_count_clean":250.0,
    "product_url":"https:\/\/www.tokopedia.com\/toko-biji-kopi\/gula-aren-bubuk-natural-palm-sugar-powder-wells-500-gram?extParam=ivf%3Dfalse%26keyword%3Dgula+aren%26src%3Dsearch",
    "search_query":"gula aren",
    "weight_kg":0.5,
    "price_per_kg":44400.0,
    "0":"lain",
    "1":"umum"
  },
  {
    "_id":{
      "$oid":"684903437013c07662ad8a9b"
    },
    "timestamp_scrape":"2025-06-11T11:01:33.779756",
    "ecommerce":"Tokopedia",
    "product_name":"Brown Sugar Syrup \/ Sirup Gula Aren Boba King",
    "price_raw":"Rp75.750",
    "price_clean":75750.0,
    "shop_name":"cafe supply jakarta",
    "location":"Lokasi tidak tersedia",
    "sold_count_raw":"500+ terjual",
    "sold_count_clean":500.0,
    "product_url":"https:\/\/www.tokopedia.com\/cafe-supply-jakarta\/brown-sugar-syrup-sirup-gula-aren-boba-king?extParam=ivf%3Dfalse%26keyword%3Dgula+aren%26src%3Dsearch",
    "search_query":"gula aren",
    "weight_kg":null,
    "price_per_kg":null,
    "0":"cair",
    "1":"umum"
  },
  {
    "_id":{
      "$oid":"684903437013c07662ad8a9c"
    },
    "timestamp_scrape":"2025-06-11T11:01:34.371105",
    "ecommerce":"Tokopedia",
    "product_name":"THAI PALM SUGAR GULA AREN PREMIUM 500GR",
    "price_raw":"Rp43.000",
    "price_clean":43000.0,
    "shop_name":"Premium Food Importer",
    "location":"Lokasi tidak tersedia",
    "sold_count_raw":"1rb+ terjual",
    "sold_count_clean":1000.0,
    "product_url":"https:\/\/www.tokopedia.com\/premiumfood\/thai-palm-sugar-gula-aren-premium-500gr?extParam=ivf%3Dfalse%26keyword%3Dgula+aren%26src%3Dsearch",
    "search_query":"gula aren",
    "weight_kg":0.5,
    "price_per_kg":86000.0,
    "0":"cair",
    "1":"umum"
  },
  {
    "_id":{
      "$oid":"684903437013c07662ad8a9d"
    },
    "timestamp_scrape":"2025-06-11T11:01:34.963386",
    "ecommerce":"Tokopedia",
    "product_name":"Gula Aren Cair Gad's Gourmet 1 Liter",
    "price_raw":"Rp3.900",
    "price_clean":3900.0,
    "shop_name":"GADS Gourment",
    "location":"Lokasi tidak tersedia",
    "sold_count_raw":"100+ terjual",
    "sold_count_clean":100.0,
    "product_url":"https:\/\/www.tokopedia.com\/gads-gourmet\/gula-aren-cair-gad-s-gourmet-1-liter-sample?extParam=ivf%3Dfalse%26keyword%3Dgula+aren%26src%3Dsearch",
    "search_query":"gula aren",
    "weight_kg":1.0,
    "price_per_kg":3900.0,
    "0":"lain",
    "1":"umum"
  },
  {
    "_id":{
      "$oid":"684903437013c07662ad8a9e"
    },
    "timestamp_scrape":"2025-06-11T11:01:35.553704",
    "ecommerce":"Tokopedia",
    "product_name":"GULA AREN BUBUK ORGANIK 500GRM GULA SEMUT GULA DIABETES PALM SUGAR",
    "price_raw":"Rp17.000",
    "price_clean":17000.0,
    "shop_name":"JAGOAN FOOD",
    "location":"Lokasi tidak tersedia",
    "sold_count_raw":"10rb+ terjual",
    "sold_count_clean":10000.0,
    "product_url":"https:\/\/www.tokopedia.com\/jagoanfood\/gula-aren-bubuk-organik-500grm-gula-semut-gula-diabetes-palm-sugar?extParam=ivf%3Dfalse%26keyword%3Dgula+aren%26src%3Dsearch",
    "search_query":"gula aren",
    "weight_kg":0.5,
    "price_per_kg":34000.0,
    "0":"lain",
    "1":"umum"
  },
  {
    "_id":{
      "$oid":"684903437013c07662ad8a9f"
    },
    "timestamp_scrape":"2025-06-11T11:01:36.160676",
    "ecommerce":"Tokopedia",
    "product_name":"GULA AREN CAIR 650G MURNI ASLI 100% PREMIUM ORGANIK LIQUID PALM SUGAR ORGANIK CAIR UNTUK KOPI NUTRIFARM \/ BEORGANIK \/ DARI BUMI \/ SAFIYA \/ GALLEO",
    "price_raw":"Rp64.800",
    "price_clean":64800.0,
    "shop_name":"Naturlife Store",
    "location":"Lokasi tidak tersedia",
    "sold_count_raw":"3 terjual",
    "sold_count_clean":3.0,
    "product_url":"https:\/\/www.tokopedia.com\/naturlife-store\/gula-aren-cair-650g-murni-asli-100-premium-organik-liquid-palm-sugar-organik-cair-untuk-kopi-nutrifarm-beorganik-dari-bumi-safiya-galleo-1729637224933721280?extParam=ivf%3Dfalse%26keyword%3Dgula+aren%26src%3Dsearch",
    "search_query":"gula aren",
    "weight_kg":0.65,
    "price_per_kg":99692.3076923077,
    "0":"lain",
    "1":"umum"
  },
  {
    "_id":{
      "$oid":"684903437013c07662ad8aa0"
    },
    "timestamp_scrape":"2025-06-11T11:01:36.755312",
    "ecommerce":"Tokopedia",
    "product_name":"[15 Sachet] 1 Renceng ABC Kopi Gula Aren 27g Coffee  Susu Instan Manis Minuman Almond",
    "price_raw":"Rp21.250",
    "price_clean":21250.0,
    "shop_name":"Tasyaleshastore",
    "location":"Lokasi tidak tersedia",
    "sold_count_raw":"1rb+ terjual",
    "sold_count_clean":1000.0,
    "product_url":"https:\/\/www.tokopedia.com\/tasyaleshastore\/15-sachet-1-renceng-abc-kopi-gula-aren-27g-coffee-susu-instan-manis-minuman-almond-1730083945201239898?extParam=ivf%3Dfalse%26keyword%3Dgula+aren%26src%3Dsearch",
    "search_query":"gula aren",
    "weight_kg":0.027,
    "price_per_kg":787037.0370370371,
    "0":"lain",
    "1":"umum"
  },
  {
    "_id":{
      "$oid":"684903437013c07662ad8aa2"
    },
    "timestamp_scrape":"2025-06-11T11:02:03.039045",
    "ecommerce":"Tokopedia",
    "product_name":"FitoSweet Diet Stevia Nol Kalori 100% Natural Sweetener 5ml &10ml Tetes Pemanis Alami Pengganti Gula",
    "price_raw":"Rp99.000",
    "price_clean":99000.0,
    "shop_name":"Fitozlim Official Store",
    "location":"Lokasi tidak tersedia",
    "sold_count_raw":"2 terjual",
    "sold_count_clean":2.0,
    "product_url":"https:\/\/www.tokopedia.com\/fitozlim-official\/fitosweet-diet-stevia-nol-kalori-100-natural-sweetener-5ml-10ml-tetes-pemanis-alami-pengganti-gula-5ml-d103e?extParam=ivf%3Dtrue%26keyword%3Dgula+aren&src=topads",
    "search_query":"gula aren",
    "weight_kg":0.005,
    "price_per_kg":19800000.0,
    "0":"lain",
    "1":"umum"
  },
  {
    "_id":{
      "$oid":"684903437013c07662ad8aa4"
    },
    "timestamp_scrape":"2025-06-11T11:02:04.219465",
    "ecommerce":"Tokopedia",
    "product_name":"Gula Aren Cair \/ Gula Jawa Cair \/ Brown Sugar Syrup 250 ml",
    "price_raw":"Rp17.500",
    "price_clean":17500.0,
    "shop_name":"Fosserca supplier",
    "location":"Lokasi tidak tersedia",
    "sold_count_raw":"1rb+ terjual",
    "sold_count_clean":1000.0,
    "product_url":"https:\/\/www.tokopedia.com\/fosserca\/gula-aren-cair-gula-jawa-cair-brown-sugar-syrup-250-ml-gula-merah-db4ce?extParam=ivf%3Dfalse%26keyword%3Dgula+aren%26src%3Dsearch",
    "search_query":"gula aren",
    "weight_kg":0.25,
    "price_per_kg":70000.0,
    "0":"lain",
    "1":"umum"
  },
  {
    "_id":{
      "$oid":"684903437013c07662ad8aa5"
    },
    "timestamp_scrape":"2025-06-11T11:02:04.811211",
    "ecommerce":"Tokopedia",
    "product_name":"Jahe Merah Ratu Lebah Plus Madu dan Gula Aren PerSachet 20gr",
    "price_raw":"Rp850",
    "price_clean":850.0,
    "shop_name":"Herbal Indonesia",
    "location":"Lokasi tidak tersedia",
    "sold_count_raw":"750+ terjual",
    "sold_count_clean":750.0,
    "product_url":"https:\/\/www.tokopedia.com\/herbal-indonesia\/jahe-merah-ratu-lebah-plus-madu-dan-gula-aren-persachet-20gr?extParam=ivf%3Dfalse%26keyword%3Dgula+aren%26src%3Dsearch",
    "search_query":"gula aren",
    "weight_kg":0.02,
    "price_per_kg":42500.0,
    "0":"bubuk",
    "1":"organik"
  },
  {
    "_id":{
      "$oid":"684903437013c07662ad8aa6"
    },
    "timestamp_scrape":"2025-06-11T11:02:05.403564",
    "ecommerce":"Tokopedia",
    "product_name":"Toffin Organic Gula aren powder ||bubuk gula aren organik",
    "price_raw":"Rp90.000",
    "price_clean":90000.0,
    "shop_name":"Payyou_NEW",
    "location":"Lokasi tidak tersedia",
    "sold_count_raw":"100+ terjual",
    "sold_count_clean":100.0,
    "product_url":"https:\/\/www.tokopedia.com\/toffinbandung\/toffin-organic-gula-aren-powder-bubuk-gula-aren-organik?extParam=ivf%3Dfalse%26keyword%3Dgula+aren%26src%3Dsearch",
    "search_query":"gula aren",
    "weight_kg":null,
    "price_per_kg":null,
    "0":"bubuk",
    "1":"organik"
  },
  {
    "_id":{
      "$oid":"684903437013c07662ad8aa7"
    },
    "timestamp_scrape":"2025-06-11T11:02:05.991514",
    "ecommerce":"Tokopedia",
    "product_name":"Verlin varian Klepon Milk Tea kopi gula aren susu gula aren",
    "price_raw":"Rp58.000",
    "price_clean":58000.0,
    "shop_name":"Little Nic Nic_NEW",
    "location":"Lokasi tidak tersedia",
    "sold_count_raw":"100+ terjual",
    "sold_count_clean":100.0,
    "product_url":"https:\/\/www.tokopedia.com\/littlenicnic\/verlin-varian-klepon-milk-tea-kopi-gula-aren-susu-gula-aren-klepon?extParam=ivf%3Dfalse%26keyword%3Dgula+aren%26src%3Dsearch",
    "search_query":"gula aren",
    "weight_kg":null,
    "price_per_kg":null,
    "0":"cair",
    "1":"umum"
  },
  {
    "_id":{
      "$oid":"684903437013c07662ad8aa8"
    },
    "timestamp_scrape":"2025-06-11T11:02:06.580980",
    "ecommerce":"Tokopedia",
    "product_name":"Gula Aren - Palm Sugar - Brown Sugar - Kualitas Super - 1 Kg",
    "price_raw":"Rp31.000",
    "price_clean":31000.0,
    "shop_name":"superseeds.id",
    "location":"Lokasi tidak tersedia",
    "sold_count_raw":"8rb+ terjual",
    "sold_count_clean":8000.0,
    "product_url":"https:\/\/www.tokopedia.com\/superseeds\/gula-aren-palm-sugar-brown-sugar-kualitas-super-1-kg?extParam=ivf%3Dfalse%26keyword%3Dgula+aren%26src%3Dsearch",
    "search_query":"gula aren",
    "weight_kg":1.0,
    "price_per_kg":31000.0,
    "0":"lain",
    "1":"umum"
  },
  {
    "_id":{
      "$oid":"684903437013c07662ad8aa9"
    },
    "timestamp_scrape":"2025-06-11T11:02:07.185770",
    "ecommerce":"Tokopedia",
    "product_name":"Mola Gula Aren Cair Premium Organik 1 liter",
    "price_raw":"Rp49.800",
    "price_clean":49800.0,
    "shop_name":"Foodmall Depok",
    "location":"Lokasi tidak tersedia",
    "sold_count_raw":"3rb+ terjual",
    "sold_count_clean":3000.0,
    "product_url":"https:\/\/www.tokopedia.com\/foodmalldepok\/mola-gula-aren-cair-premium-organik-1-liter?extParam=ivf%3Dfalse%26keyword%3Dgula+aren%26src%3Dsearch",
    "search_query":"gula aren",
    "weight_kg":1.0,
    "price_per_kg":49800.0,
    "0":"cair",
    "1":"organik"
  },
  {
    "_id":{
      "$oid":"684903437013c07662ad8aaa"
    },
    "timestamp_scrape":"2025-06-11T11:02:07.810059",
    "ecommerce":"Tokopedia",
    "product_name":"GULA JAWA GULA BATOK GULA AREN GULA MERAH",
    "price_raw":"Rp18.000",
    "price_clean":18000.0,
    "shop_name":"DAPUR REMPAH SURABAYA",
    "location":"Lokasi tidak tersedia",
    "sold_count_raw":"8 terjual",
    "sold_count_clean":8.0,
    "product_url":"https:\/\/www.tokopedia.com\/dapurrempahs\/gula-jawa-gula-batok-gula-aren-gula-merah?extParam=ivf%3Dfalse%26keyword%3Dgula+aren%26src%3Dsearch",
    "search_query":"gula aren",
    "weight_kg":null,
    "price_per_kg":null,
    "0":"bubuk",
    "1":"organik"
  },
  {
    "_id":{
      "$oid":"684903437013c07662ad8aab"
    },
    "timestamp_scrape":"2025-06-11T11:02:08.422383",
    "ecommerce":"Tokopedia",
    "product_name":"Onuka 70% Dark Specialty Drinking Chocolate Powder 200g \/ Minuman Coklat Asli Gula Aren Sehat Rendah Gula",
    "price_raw":"Rp130.000",
    "price_clean":130000.0,
    "shop_name":"Onuka Chocolate",
    "location":"Lokasi tidak tersedia",
    "sold_count_raw":"23 terjual",
    "sold_count_clean":23.0,
    "product_url":"https:\/\/www.tokopedia.com\/onukachocolate\/onuka-70-dark-specialty-drinking-chocolate-powder-200g-minuman-coklat-asli-gula-aren-sehat-rendah-gula?extParam=ivf%3Dfalse%26keyword%3Dgula+aren%26src%3Dsearch",
    "search_query":"gula aren",
    "weight_kg":0.2,
    "price_per_kg":650000.0,
    "0":"lain",
    "1":"umum"
  },
  {
    "_id":{
      "$oid":"684903437013c07662ad8aac"
    },
    "timestamp_scrape":"2025-06-11T11:02:09.010901",
    "ecommerce":"Tokopedia",
    "product_name":"Gula Aren - Palm Sugar - Brown Sugar - Kualitas Super - 1 Kg Organik",
    "price_raw":"Rp27.900",
    "price_clean":27900.0,
    "shop_name":"DuniaBahanBaku Tokopedia",
    "location":"Lokasi tidak tersedia",
    "sold_count_raw":"1rb+ terjual",
    "sold_count_clean":1000.0,
    "product_url":"https:\/\/www.tokopedia.com\/duniabahanbaku\/gula-aren-palm-sugar-brown-sugar-kualitas-super-1-kg-organik?extParam=ivf%3Dfalse%26keyword%3Dgula+aren%26src%3Dsearch",
    "search_query":"gula aren",
    "weight_kg":1.0,
    "price_per_kg":27900.0,
    "0":"cair",
    "1":"umum"
  },
  {
    "_id":{
      "$oid":"684903437013c07662ad8aad"
    },
    "timestamp_scrape":"2025-06-11T11:02:09.600357",
    "ecommerce":"Tokopedia",
    "product_name":"Mesin Pengering Gula Semut, dan Gula Aren Kap 400 KG FOOD GRADE",
    "price_raw":"Rp53.990.000",
    "price_clean":53990000.0,
    "shop_name":"Raja Pengering",
    "location":"Lokasi tidak tersedia",
    "sold_count_raw":"2rb+ terjual",
    "sold_count_clean":2000.0,
    "product_url":"https:\/\/www.tokopedia.com\/rajapengering\/mesin-pengering-gula-semut-dan-gula-aren-kap-400-kg-food-grade-200-kg-stainles-e3a8c?extParam=ivf%3Dfalse%26keyword%3Dgula+aren%26src%3Dsearch",
    "search_query":"gula aren",
    "weight_kg":400.0,
    "price_per_kg":134975.0,
    "0":"bubuk",
    "1":"organik"
  },
  {
    "_id":{
      "$oid":"684903437013c07662ad8aae"
    },
    "timestamp_scrape":"2025-06-11T11:02:10.202029",
    "ecommerce":"Tokopedia",
    "product_name":"GULA AREN ( PALM SUGAR ) DELIFRU - DELIFRU SYRUP PALM SUGAR",
    "price_raw":"Rp39.500",
    "price_clean":39500.0,
    "shop_name":"Thebijikopi",
    "location":"Lokasi tidak tersedia",
    "sold_count_raw":"26 terjual",
    "sold_count_clean":26.0,
    "product_url":"https:\/\/www.tokopedia.com\/thebijikopi\/gula-aren-palm-sugar-delifru-delifru-syrup-palm-sugar-500ml-6c3d2?extParam=ivf%3Dfalse%26keyword%3Dgula+aren%26src%3Dsearch",
    "search_query":"gula aren",
    "weight_kg":null,
    "price_per_kg":null,
    "0":"lain",
    "1":"umum"
  },
  {
    "_id":{
      "$oid":"684903437013c07662ad8ab1"
    },
    "timestamp_scrape":"2025-06-11T11:02:43.690298",
    "ecommerce":"Tokopedia",
    "product_name":"Pertama Coffee Kopi Beyond 200GR | Arabica Robusta blend | ESPRESSO | LATTE | V60 | VIETNAM DRIP | MANUAL BREW | AMERICANO | ES KOPI SUSU GULA AREN",
    "price_raw":"Rp35.000",
    "price_clean":35000.0,
    "shop_name":"Awi Coffee",
    "location":"Lokasi tidak tersedia",
    "sold_count_raw":"100+ terjual",
    "sold_count_clean":100.0,
    "product_url":"https:\/\/www.tokopedia.com\/awicoffee\/pertama-coffee-kopi-beyond-200gr-arabica-robusta-blend-espresso-latte-v60-vietnam-drip-manual-brew-americano-es-kopi-susu-gula-aren-1730278426681902962?extParam=ivf%3Dfalse%26keyword%3Dgula+aren%26src%3Dsearch",
    "search_query":"gula aren",
    "weight_kg":0.2,
    "price_per_kg":175000.0,
    "0":"lain",
    "1":"umum"
  },
  {
    "_id":{
      "$oid":"684903437013c07662ad8ab2"
    },
    "timestamp_scrape":"2025-06-11T11:02:44.285550",
    "ecommerce":"Tokopedia",
    "product_name":"GULA AREN GULA MERAH GULA KELAPA JAWA",
    "price_raw":"Rp19.900",
    "price_clean":19900.0,
    "shop_name":"AGM FRESHMART",
    "location":"Lokasi tidak tersedia",
    "sold_count_raw":"17 terjual",
    "sold_count_clean":17.0,
    "product_url":"https:\/\/www.tokopedia.com\/agmfreshmart\/gula-aren-gula-merah-gula-kelapa-jawa-1kg-c70ce?extParam=ivf%3Dfalse%26keyword%3Dgula+aren%26src%3Dsearch",
    "search_query":"gula aren",
    "weight_kg":null,
    "price_per_kg":null,
    "0":"cair",
    "1":"organik"
  },
  {
    "_id":{
      "$oid":"684903437013c07662ad8ab4"
    },
    "timestamp_scrape":"2025-06-11T11:02:45.474759",
    "ecommerce":"Tokopedia",
    "product_name":"Awi Coffee Luwak Arabica 250gr | Civet Coffee | ESPRESSO | LATTE | V60 | VIETNAM DRIP | MANUAL BREW | AMERICANO | ES KOPI SUSU GULA AREN | COLD BREW",
    "price_raw":"Rp300.000",
    "price_clean":300000.0,
    "shop_name":"Awi Coffee",
    "location":"Lokasi tidak tersedia",
    "sold_count_raw":"250+ terjual",
    "sold_count_clean":250.0,
    "product_url":"https:\/\/www.tokopedia.com\/awicoffee\/awi-coffee-luwak-arabica-250gr-civet-coffee-espresso-latte-v60-vietnam-drip-manual-brew-americano-es-kopi-susu-gula-aren-cold-brew-1731496206270826354?extParam=ivf%3Dfalse%26keyword%3Dgula+aren%26src%3Dsearch",
    "search_query":"gula aren",
    "weight_kg":0.25,
    "price_per_kg":1200000.0,
    "0":"bubuk",
    "1":"umum"
  },
  {
    "_id":{
      "$oid":"684903437013c07662ad8ab5"
    },
    "timestamp_scrape":"2025-06-11T11:02:46.066498",
    "ecommerce":"Tokopedia",
    "product_name":"GULA AREN CAIR 500ML",
    "price_raw":"Rp29.000",
    "price_clean":29000.0,
    "shop_name":"javalandjaksel-1",
    "location":"Lokasi tidak tersedia",
    "sold_count_raw":"100+ terjual",
    "sold_count_clean":100.0,
    "product_url":"https:\/\/www.tokopedia.com\/javalandjaksel-1\/gula-aren-cair-500ml?extParam=ivf%3Dfalse%26keyword%3Dgula+aren%26src%3Dsearch",
    "search_query":"gula aren",
    "weight_kg":0.5,
    "price_per_kg":58000.0,
    "0":"cair",
    "1":"umum"
  },
  {
    "_id":{
      "$oid":"684903437013c07662ad8ab7"
    },
    "timestamp_scrape":"2025-06-11T11:02:47.250080",
    "ecommerce":"Tokopedia",
    "product_name":"Gula Aren Cair Signature 1 L Maharenga",
    "price_raw":"Rp38.000",
    "price_clean":38000.0,
    "shop_name":"Maharenga",
    "location":"Lokasi tidak tersedia",
    "sold_count_raw":"100+ terjual",
    "sold_count_clean":100.0,
    "product_url":"https:\/\/www.tokopedia.com\/maharenga\/gula-aren-cair-signature-1-l-maharenga-330-ml-a8444?extParam=ivf%3Dfalse%26keyword%3Dgula+aren%26src%3Dsearch",
    "search_query":"gula aren",
    "weight_kg":1.0,
    "price_per_kg":38000.0,
    "0":"cair",
    "1":"umum"
  },
  {
    "_id":{
      "$oid":"684903437013c07662ad8ab8"
    },
    "timestamp_scrape":"2025-06-11T11:02:47.837230",
    "ecommerce":"Tokopedia",
    "product_name":"Palm Sugar Ricoman 400gr Gula Aren Asli",
    "price_raw":"Rp19.000",
    "price_clean":19000.0,
    "shop_name":"Sahabat Impor_NEW",
    "location":"Lokasi tidak tersedia",
    "sold_count_raw":"500+ terjual",
    "sold_count_clean":500.0,
    "product_url":"https:\/\/www.tokopedia.com\/sahabat-impor\/palm-sugar-ricoman-400gr-gula-aren-asli?extParam=ivf%3Dfalse%26keyword%3Dgula+aren%26src%3Dsearch",
    "search_query":"gula aren",
    "weight_kg":0.4,
    "price_per_kg":47500.0,
    "0":"cair",
    "1":"umum"
  },
  {
    "_id":{
      "$oid":"684903437013c07662ad8ab9"
    },
    "timestamp_scrape":"2025-06-11T11:02:48.429676",
    "ecommerce":"Tokopedia",
    "product_name":"Gula merah\/gula aren\/gula kawung Asli 1 kg",
    "price_raw":"Rp22.500",
    "price_clean":22500.0,
    "shop_name":"ParadiseOnline",
    "location":"Lokasi tidak tersedia",
    "sold_count_raw":"100+ terjual",
    "sold_count_clean":100.0,
    "product_url":"https:\/\/www.tokopedia.com\/alhamdulillahherbal\/gula-merah-gula-aren-gula-kawung-asli-1-kg?extParam=ivf%3Dfalse%26keyword%3Dgula+aren%26src%3Dsearch",
    "search_query":"gula aren",
    "weight_kg":1.0,
    "price_per_kg":22500.0,
    "0":"bubuk",
    "1":"organik"
  },
  {
    "_id":{
      "$oid":"684903437013c07662ad8aba"
    },
    "timestamp_scrape":"2025-06-11T11:02:49.022746",
    "ecommerce":"Tokopedia",
    "product_name":"GULA AREN ASLI LEBAK BANTEN TANPA BAHAN CAMPURAN PER 1 KOJOR ISI 10 BATOK ATAU 5 PASANG stevia pengganti",
    "price_raw":"Rp57.915",
    "price_clean":57915.0,
    "shop_name":"hijaji store",
    "location":"Lokasi tidak tersedia",
    "sold_count_raw":"100+ terjual",
    "sold_count_clean":100.0,
    "product_url":"https:\/\/www.tokopedia.com\/hijaji-store\/gula-aren-asli-lebak-banten-tanpa-bahan-campuran-per-1-kojor-isi-10-batok-atau-5-pasang-stevia-pengganti-1729733743430305789?extParam=ivf%3Dfalse%26keyword%3Dgula+aren%26src%3Dsearch",
    "search_query":"gula aren",
    "weight_kg":null,
    "price_per_kg":null,
    "0":"cair",
    "1":"umum"
  },
  {
    "_id":{
      "$oid":"684903437013c07662ad8abb"
    },
    "timestamp_scrape":"2025-06-11T11:02:49.620187",
    "ecommerce":"Tokopedia",
    "product_name":"Top coffe gula aren renceng an kopi gula aren",
    "price_raw":"Rp11.900",
    "price_clean":11900.0,
    "shop_name":"Bumenjaya Abadi",
    "location":"Lokasi tidak tersedia",
    "sold_count_raw":"750+ terjual",
    "sold_count_clean":750.0,
    "product_url":"https:\/\/www.tokopedia.com\/padangjaya\/top-coffe-gula-aren-renceng-an-kopi-gula-aren?extParam=ivf%3Dfalse%26keyword%3Dgula+aren%26src%3Dsearch",
    "search_query":"gula aren",
    "weight_kg":null,
    "price_per_kg":null,
    "0":"bubuk",
    "1":"umum"
  },
  {
    "_id":{
      "$oid":"684903437013c07662ad8abc"
    },
    "timestamp_scrape":"2025-06-11T11:02:50.215420",
    "ecommerce":"Tokopedia",
    "product_name":"RICOMAN Dark Light Brown Sugar Gula Aren Bubuk RICOMAN 500gr 500 gr",
    "price_raw":"Rp38.500",
    "price_clean":38500.0,
    "shop_name":"rumahboga",
    "location":"Lokasi tidak tersedia",
    "sold_count_raw":"18 terjual",
    "sold_count_clean":18.0,
    "product_url":"https:\/\/www.tokopedia.com\/rumahboga\/ricoman-dark-light-brown-sugar-gula-aren-bubuk-ricoman-500gr-500-gr-dark?extParam=ivf%3Dfalse%26keyword%3Dgula+aren%26src%3Dsearch",
    "search_query":"gula aren",
    "weight_kg":0.5,
    "price_per_kg":77000.0,
    "0":"cair",
    "1":"umum"
  },
  {
    "_id":{
      "$oid":"684903437013c07662ad8abd"
    },
    "timestamp_scrape":"2025-06-11T11:02:50.805557",
    "ecommerce":"Tokopedia",
    "product_name":"GIARVA Susu Kambing Etawa Plus Gula Aren \/ Etawa Goat Milk Halal BPOM Original Premium 250gr",
    "price_raw":"Rp55.000",
    "price_clean":55000.0,
    "shop_name":"Mible Store",
    "location":"Lokasi tidak tersedia",
    "sold_count_raw":"100+ terjual",
    "sold_count_clean":100.0,
    "product_url":"https:\/\/www.tokopedia.com\/miblecake\/giarva-susu-kambing-etawa-plus-gula-aren-etawa-goat-milk-halal-bpom-original-premium-250gr?extParam=ivf%3Dfalse%26keyword%3Dgula+aren%26src%3Dsearch",
    "search_query":"gula aren",
    "weight_kg":0.25,
    "price_per_kg":220000.0,
    "0":"lain",
    "1":"umum"
  },
  {
    "_id":{
      "$oid":"684903437013c07662ad8ac1"
    },
    "timestamp_scrape":"2025-06-11T11:03:20.004951",
    "ecommerce":"Tokopedia",
    "product_name":"Gula Aren Cair Murni 1Kg \/ Palm Sugar \/ Gula Aren Cair Asli 100% Food",
    "price_raw":"Rp25.900",
    "price_clean":25900.0,
    "shop_name":"Sajirasa.id",
    "location":"Lokasi tidak tersedia",
    "sold_count_raw":"100+ terjual",
    "sold_count_clean":100.0,
    "product_url":"https:\/\/www.tokopedia.com\/sajirasa\/gula-aren-cair-asli-100-palm-sugar-premium-gula-aren-cair-1kg-1730793021146957693?extParam=ivf%3Dfalse%26keyword%3Dgula+aren%26src%3Dsearch",
    "search_query":"gula aren",
    "weight_kg":1.0,
    "price_per_kg":25900.0,
    "0":"lain",
    "1":"murni"
  },
  {
    "_id":{
      "$oid":"684903437013c07662ad8ac2"
    },
    "timestamp_scrape":"2025-06-11T11:03:20.603107",
    "ecommerce":"Tokopedia",
    "product_name":"gula aren jahe gula jahe aren asli jogja isi 25",
    "price_raw":"Rp15.950",
    "price_clean":15950.0,
    "shop_name":"Berkah Jaya Store 45",
    "location":"Lokasi tidak tersedia",
    "sold_count_raw":"100+ terjual",
    "sold_count_clean":100.0,
    "product_url":"https:\/\/www.tokopedia.com\/mulyamajujaya\/gula-aren-jahe-gula-jahe-aren-asli-jogja-isi-25-aren-kayu-putih-dus-bubble-dae96?extParam=ivf%3Dfalse%26keyword%3Dgula+aren%26src%3Dsearch",
    "search_query":"gula aren",
    "weight_kg":null,
    "price_per_kg":null,
    "0":"lain",
    "1":"umum"
  },
  {
    "_id":{
      "$oid":"684903437013c07662ad8ac4"
    },
    "timestamp_scrape":"2025-06-11T11:03:21.809371",
    "ecommerce":"Tokopedia",
    "product_name":"GULA AREN BUBUK ORGANIK - PALM SUGAR - GULA SEMUT 1 Kg",
    "price_raw":"Rp27.900",
    "price_clean":27900.0,
    "shop_name":"DUA GARIS STORE",
    "location":"Lokasi tidak tersedia",
    "sold_count_raw":"5rb+ terjual",
    "sold_count_clean":5000.0,
    "product_url":"https:\/\/www.tokopedia.com\/duagaris-store\/gula-aren-bubuk-organik-palm-sugar-gula-semut-1-kg-bubuk?extParam=ivf%3Dfalse%26keyword%3Dgula+aren%26src%3Dsearch",
    "search_query":"gula aren",
    "weight_kg":1.0,
    "price_per_kg":27900.0,
    "0":"cair",
    "1":"umum"
  },
  {
    "_id":{
      "$oid":"684903437013c07662ad8ac5"
    },
    "timestamp_scrape":"2025-06-11T11:03:22.402726",
    "ecommerce":"Tokopedia",
    "product_name":"Gula Aren Bubuk 500 gr Dari Bumi | Pure Palm Sugar Organik Daribumi",
    "price_raw":"Rp33.250",
    "price_clean":33250.0,
    "shop_name":"Agtafany Store",
    "location":"Lokasi tidak tersedia",
    "sold_count_raw":"750+ terjual",
    "sold_count_clean":750.0,
    "product_url":"https:\/\/www.tokopedia.com\/agtafany\/gula-aren-bubuk-500-gr-dari-bumi-pure-palm-sugar-organik-daribumi-1729623604149978473?extParam=ivf%3Dfalse%26keyword%3Dgula+aren%26src%3Dsearch",
    "search_query":"gula aren",
    "weight_kg":0.5,
    "price_per_kg":66500.0,
    "0":"lain",
    "1":"umum"
  },
  {
    "_id":{
      "$oid":"684903437013c07662ad8ac7"
    },
    "timestamp_scrape":"2025-06-11T11:03:23.594105",
    "ecommerce":"Tokopedia",
    "product_name":"GULA AREN 400GR \/ GULA AREN CAIR \/ GULA AREN ASLI \/ GULA MERAH CAIR",
    "price_raw":"Rp17.500",
    "price_clean":17500.0,
    "shop_name":"gouter.id",
    "location":"Lokasi tidak tersedia",
    "sold_count_raw":"50+ terjual",
    "sold_count_clean":50.0,
    "product_url":"https:\/\/www.tokopedia.com\/gouterid\/gula-aren-400gr-gula-aren-cair-gula-aren-asli-gula-merah-cair?extParam=ivf%3Dfalse%26keyword%3Dgula+aren%26src%3Dsearch",
    "search_query":"gula aren",
    "weight_kg":0.4,
    "price_per_kg":43750.0,
    "0":"cair",
    "1":"murni"
  },
  {
    "_id":{
      "$oid":"684903437013c07662ad8ac8"
    },
    "timestamp_scrape":"2025-06-11T11:03:24.192314",
    "ecommerce":"Tokopedia",
    "product_name":"GULA AREN BADUY\/GULA BATOK ASLI\/GULA KAUNG BADUY GRADE A \/ 1 HULU",
    "price_raw":"Rp12.900",
    "price_clean":12900.0,
    "shop_name":"Ira Snack&Cake",
    "location":"Lokasi tidak tersedia",
    "sold_count_raw":"250+ terjual",
    "sold_count_clean":250.0,
    "product_url":"https:\/\/www.tokopedia.com\/alteza2012\/gula-aren-baduy-gula-batok-asli-gula-kaung-baduy-grade-a-1-hulu?extParam=ivf%3Dfalse%26keyword%3Dgula+aren%26src%3Dsearch",
    "search_query":"gula aren",
    "weight_kg":null,
    "price_per_kg":null,
    "0":"lain",
    "1":"umum"
  },
  {
    "_id":{
      "$oid":"684903437013c07662ad8ac9"
    },
    "timestamp_scrape":"2025-06-11T11:03:24.787747",
    "ecommerce":"Tokopedia",
    "product_name":"Gula Aren Cair \/ Syrup Palm Sugar Organik Alka Sari 1 Liter",
    "price_raw":"Rp33.000",
    "price_clean":33000.0,
    "shop_name":"Ikkostore.id",
    "location":"Lokasi tidak tersedia",
    "sold_count_raw":"40+ terjual",
    "sold_count_clean":40.0,
    "product_url":"https:\/\/www.tokopedia.com\/ikkostoreid\/gula-aren-cair-syrup-palm-sugar-organik-alka-sari-1-liter-500-ml-03071?extParam=ivf%3Dfalse%26keyword%3Dgula+aren%26src%3Dsearch",
    "search_query":"gula aren",
    "weight_kg":1.0,
    "price_per_kg":33000.0,
    "0":"lain",
    "1":"organik"
  },
  {
    "_id":{
      "$oid":"684903437013c07662ad8aca"
    },
    "timestamp_scrape":"2025-06-11T11:03:25.377065",
    "ecommerce":"Tokopedia",
    "product_name":"1 KG \/ 1000GRM GULA AREN BUBUK ORGANIK PALM SUGAR GULA SEMUT ORGANIK Food",
    "price_raw":"Rp25.999",
    "price_clean":25999.0,
    "shop_name":"Tasty Id",
    "location":"Lokasi tidak tersedia",
    "sold_count_raw":"1rb+ terjual",
    "sold_count_clean":1000.0,
    "product_url":"https:\/\/www.tokopedia.com\/tasty-aren\/premium-gula-aren-bubuk-organik-palm-sugar-gula-semut-organik-1-kg?extParam=ivf%3Dfalse%26keyword%3Dgula+aren%26src%3Dsearch",
    "search_query":"gula aren",
    "weight_kg":1.0,
    "price_per_kg":25999.0,
    "0":"cair",
    "1":"umum"
  },
  {
    "_id":{
      "$oid":"684903437013c07662ad8acb"
    },
    "timestamp_scrape":"2025-06-11T11:03:25.971730",
    "ecommerce":"Tokopedia",
    "product_name":"Albuvit X ARFITGOAT Susu Kambing Etawa Platinum Plus Gula Aren",
    "price_raw":"Rp45.000",
    "price_clean":45000.0,
    "shop_name":"Albuvit",
    "location":"Lokasi tidak tersedia",
    "sold_count_raw":"22 terjual",
    "sold_count_clean":22.0,
    "product_url":"https:\/\/www.tokopedia.com\/albuvit\/albuvit-x-arfitgoat-susu-kambing-etawa-platinum-plus-gula-aren?extParam=ivf%3Dfalse%26keyword%3Dgula+aren%26src%3Dsearch",
    "search_query":"gula aren",
    "weight_kg":null,
    "price_per_kg":null,
    "0":"lain",
    "1":"umum"
  },
  {
    "_id":{
      "$oid":"684903437013c07662ad8acc"
    },
    "timestamp_scrape":"2025-06-11T11:03:26.564862",
    "ecommerce":"Tokopedia",
    "product_name":"gula aren cair premium 5 Liter",
    "price_raw":"Rp185.000",
    "price_clean":185000.0,
    "shop_name":"Agri Bumi Indonesia",
    "location":"Lokasi tidak tersedia",
    "sold_count_raw":"80+ terjual",
    "sold_count_clean":80.0,
    "product_url":"https:\/\/www.tokopedia.com\/agribumi\/gula-aren-cair-premium-5-liter?extParam=ivf%3Dfalse%26keyword%3Dgula+aren%26src%3Dsearch",
    "search_query":"gula aren",
    "weight_kg":5.0,
    "price_per_kg":37000.0,
    "0":"cair",
    "1":"umum"
  },
  {
    "_id":{
      "$oid":"684903437013c07662ad8acd"
    },
    "timestamp_scrape":"2025-06-11T11:03:27.155626",
    "ecommerce":"Tokopedia",
    "product_name":"Gula Aren Bubuk Murni dan Organik Mahorahora 1 kg",
    "price_raw":"Rp55.000",
    "price_clean":55000.0,
    "shop_name":"Mahorahora Gula Aren",
    "location":"Lokasi tidak tersedia",
    "sold_count_raw":"9rb+ terjual",
    "sold_count_clean":9000.0,
    "product_url":"https:\/\/www.tokopedia.com\/mahorahoragulaaren\/gula-aren-bubuk-murni-dan-organik-mahorahora-1-kg?extParam=ivf%3Dfalse%26keyword%3Dgula+aren%26src%3Dsearch",
    "search_query":"gula aren",
    "weight_kg":1.0,
    "price_per_kg":55000.0,
    "0":"lain",
    "1":"umum"
  },
  {
    "_id":{
      "$oid":"684903437013c07662ad8ad1"
    },
    "timestamp_scrape":"2025-06-11T11:03:56.049140",
    "ecommerce":"Tokopedia",
    "product_name":"Gula Aren \/ Brown sugar \/ Palm Sugar",
    "price_raw":"Rp8.000",
    "price_clean":8000.0,
    "shop_name":"CIA CIA STORE",
    "location":"Lokasi tidak tersedia",
    "sold_count_raw":"25 terjual",
    "sold_count_clean":25.0,
    "product_url":"https:\/\/www.tokopedia.com\/aciaa12\/gula-aren-brown-sugar-palm-sugar?extParam=ivf%3Dfalse%26keyword%3Dgula+aren%26src%3Dsearch",
    "search_query":"gula aren",
    "weight_kg":null,
    "price_per_kg":null,
    "0":"lain",
    "1":"umum"
  },
  {
    "_id":{
      "$oid":"684903437013c07662ad8ad2"
    },
    "timestamp_scrape":"2025-06-11T11:03:56.680298",
    "ecommerce":"Tokopedia",
    "product_name":"Gula Semut Aren Asli \/ Palm Sugar 1 kg \/ 1000 Gram Berat 500 Gram",
    "price_raw":"Rp18.000",
    "price_clean":18000.0,
    "shop_name":"Guwai Store",
    "location":"Lokasi tidak tersedia",
    "sold_count_raw":"21 terjual",
    "sold_count_clean":21.0,
    "product_url":"https:\/\/www.tokopedia.com\/guwaistore\/gula-semut-aren-asli-palm-sugar-1-kg-1000-gram-berat-500-gram?extParam=ivf%3Dfalse%26keyword%3Dgula+aren%26src%3Dsearch",
    "search_query":"gula aren",
    "weight_kg":1.0,
    "price_per_kg":18000.0,
    "0":"lain",
    "1":"umum"
  },
  {
    "_id":{
      "$oid":"684903437013c07662ad8ad3"
    },
    "timestamp_scrape":"2025-06-11T11:03:57.300424",
    "ecommerce":"Tokopedia",
    "product_name":"Gula Semut Aren Asli 1kg GULA AREN BUBUK ORGANIK PALM SUGAR 250 500 gr",
    "price_raw":"Rp6.750",
    "price_clean":6750.0,
    "shop_name":"REMPAH RIMPANG NUSANTARA",
    "location":"Lokasi tidak tersedia",
    "sold_count_raw":"17 terjual",
    "sold_count_clean":17.0,
    "product_url":"https:\/\/www.tokopedia.com\/rrimpang\/gula-semut-aren-asli-1kg-gula-aren-bubuk-organik-palm-sugar-250-500-gr-50-gr-f9120?extParam=ivf%3Dfalse%26keyword%3Dgula+aren%26src%3Dsearch",
    "search_query":"gula aren",
    "weight_kg":1.0,
    "price_per_kg":6750.0,
    "0":"lain",
    "1":"umum"
  },
  {
    "_id":{
      "$oid":"684903437013c07662ad8ad4"
    },
    "timestamp_scrape":"2025-06-11T11:03:57.913225",
    "ecommerce":"Tokopedia",
    "product_name":"Gula Batok Linggau Cuko Pempek Palembang Gula Aren Asli untuk Kopi",
    "price_raw":"Rp30.000",
    "price_clean":30000.0,
    "shop_name":"Debox.",
    "location":"Lokasi tidak tersedia",
    "sold_count_raw":"6rb+ terjual",
    "sold_count_clean":6000.0,
    "product_url":"https:\/\/www.tokopedia.com\/debox\/gula-batok-linggau-cuko-pempek-palembang-gula-aren-asli-untuk-kopi?extParam=ivf%3Dfalse%26keyword%3Dgula+aren%26src%3Dsearch",
    "search_query":"gula aren",
    "weight_kg":null,
    "price_per_kg":null,
    "0":"lain",
    "1":"umum"
  },
  {
    "_id":{
      "$oid":"684903437013c07662ad8ad5"
    },
    "timestamp_scrape":"2025-06-11T11:03:58.508114",
    "ecommerce":"Tokopedia",
    "product_name":"Gula Aren Cair Spesialis Kopi Murni Organik Export Quality Ulutani 1L",
    "price_raw":"Rp38.500",
    "price_clean":38500.0,
    "shop_name":"Ulutani",
    "location":"Lokasi tidak tersedia",
    "sold_count_raw":"40+ terjual",
    "sold_count_clean":40.0,
    "product_url":"https:\/\/www.tokopedia.com\/ulutaniofficial\/gula-aren-cair-spesialis-kopi-murni-organik-export-quality-ulutani-1l-1731009077293188628?extParam=ivf%3Dfalse%26keyword%3Dgula+aren%26src%3Dsearch",
    "search_query":"gula aren",
    "weight_kg":1.0,
    "price_per_kg":38500.0,
    "0":"bubuk",
    "1":"umum"
  },
  {
    "_id":{
      "$oid":"684903437013c07662ad8ad6"
    },
    "timestamp_scrape":"2025-06-11T11:03:59.102770",
    "ecommerce":"Tokopedia",
    "product_name":"MOLA GULA AREN CAIR PREMIUM 1 LITER",
    "price_raw":"Rp44.000",
    "price_clean":44000.0,
    "shop_name":"JIH Shop",
    "location":"Lokasi tidak tersedia",
    "sold_count_raw":"21 terjual",
    "sold_count_clean":21.0,
    "product_url":"https:\/\/www.tokopedia.com\/jshop-28\/mola-gula-aren-cair-premium-1-liter?extParam=ivf%3Dfalse%26keyword%3Dgula+aren%26src%3Dsearch",
    "search_query":"gula aren",
    "weight_kg":1.0,
    "price_per_kg":44000.0,
    "0":"cair",
    "1":"umum"
  },
  {
    "_id":{
      "$oid":"684903437013c07662ad8ad7"
    },
    "timestamp_scrape":"2025-06-11T11:03:59.713025",
    "ecommerce":"Tokopedia",
    "product_name":"Timurasa Crystal Arenga Sugar 500gr - Timurasa Gula Aren Bubuk 500gr",
    "price_raw":"Rp29.900",
    "price_clean":29900.0,
    "shop_name":"Alora Essential",
    "location":"Lokasi tidak tersedia",
    "sold_count_raw":"250+ terjual",
    "sold_count_clean":250.0,
    "product_url":"https:\/\/www.tokopedia.com\/aloraessential\/timurasa-crystal-arenga-sugar-500gr-timurasa-gula-aren-bubuk-500gr-timurasa-arenga-78226?extParam=ivf%3Dfalse%26keyword%3Dgula+aren%26src%3Dsearch",
    "search_query":"gula aren",
    "weight_kg":0.5,
    "price_per_kg":59800.0,
    "0":"lain",
    "1":"murni"
  },
  {
    "_id":{
      "$oid":"684903437013c07662ad8ad8"
    },
    "timestamp_scrape":"2025-06-11T11:04:00.332492",
    "ecommerce":"Tokopedia",
    "product_name":"Arenga Organic Liquid Palm Sugar Gula Aren Cair Original 650 ml",
    "price_raw":"Rp45.000",
    "price_clean":45000.0,
    "shop_name":"GREEN BITES",
    "location":"Lokasi tidak tersedia",
    "sold_count_raw":"100+ terjual",
    "sold_count_clean":100.0,
    "product_url":"https:\/\/www.tokopedia.com\/greenbites\/arenga-organic-liquid-palm-sugar-gula-aren-cair-original-650-ml?extParam=ivf%3Dfalse%26keyword%3Dgula+aren%26src%3Dsearch",
    "search_query":"gula aren",
    "weight_kg":0.65,
    "price_per_kg":69230.7692307692,
    "0":"cair",
    "1":"umum"
  },
  {
    "_id":{
      "$oid":"684903437013c07662ad8ad9"
    },
    "timestamp_scrape":"2025-06-11T11:04:00.958261",
    "ecommerce":"Tokopedia",
    "product_name":"TELUR GABUS MANIS WIJEN SUPER DARI GULA AREN 1KG MURAH",
    "price_raw":"Rp35.000",
    "price_clean":35000.0,
    "shop_name":"AR snack dan buah",
    "location":"Lokasi tidak tersedia",
    "sold_count_raw":"30+ terjual",
    "sold_count_clean":30.0,
    "product_url":"https:\/\/www.tokopedia.com\/akunkuliner\/telur-gabus-manis-wijen-super-dari-gula-aren-1kg-murah-1-kg?extParam=ivf%3Dfalse%26keyword%3Dgula+aren%26src%3Dsearch",
    "search_query":"gula aren",
    "weight_kg":1.0,
    "price_per_kg":35000.0,
    "0":"lain",
    "1":"umum"
  },
  {
    "_id":{
      "$oid":"684903437013c07662ad8ada"
    },
    "timestamp_scrape":"2025-06-11T11:04:01.575349",
    "ecommerce":"Tokopedia",
    "product_name":"Gula Aren Cair \/ Gula Jawa Cair \/ Brown Sugar Syrup 1 Liter",
    "price_raw":"Rp47.000",
    "price_clean":47000.0,
    "shop_name":"Fosserca supplier",
    "location":"Lokasi tidak tersedia",
    "sold_count_raw":"4rb+ terjual",
    "sold_count_clean":4000.0,
    "product_url":"https:\/\/www.tokopedia.com\/fosserca\/gula-aren-cair-gula-jawa-cair-brown-sugar-syrup-1-liter-gula-merah-bc385?extParam=ivf%3Dfalse%26keyword%3Dgula+aren%26src%3Dsearch",
    "search_query":"gula aren",
    "weight_kg":1.0,
    "price_per_kg":47000.0,
    "0":"cair",
    "1":"umum"
  },
  {
    "_id":{
      "$oid":"684903437013c07662ad8adb"
    },
    "timestamp_scrape":"2025-06-11T11:04:02.227261",
    "ecommerce":"Tokopedia",
    "product_name":"PALMRICH Liquid Palm Sugar 1 Liter 100 % Gula Aren Cair",
    "price_raw":"Rp75.000",
    "price_clean":75000.0,
    "shop_name":"Siliwangi Store Bandung",
    "location":"Lokasi tidak tersedia",
    "sold_count_raw":"40+ terjual",
    "sold_count_clean":40.0,
    "product_url":"https:\/\/www.tokopedia.com\/ssidbandung\/palmrich-liquid-palm-sugar-1-liter-100-gula-aren-cair?extParam=ivf%3Dfalse%26keyword%3Dgula+aren%26src%3Dsearch",
    "search_query":"gula aren",
    "weight_kg":1.0,
    "price_per_kg":75000.0,
    "0":"bubuk",
    "1":"murni"
  },
  {
    "_id":{
      "$oid":"684903437013c07662ad8adc"
    },
    "timestamp_scrape":"2025-06-11T11:04:28.728535",
    "ecommerce":"Tokopedia",
    "product_name":"Gula Aren Semut Asli \/ Nira Aren Bubuk Organik 1 kg - 500 gram",
    "price_raw":"Rp16.000",
    "price_clean":16000.0,
    "shop_name":"Paramafood",
    "location":"Lokasi tidak tersedia",
    "sold_count_raw":"250+ terjual",
    "sold_count_clean":250.0,
    "product_url":"https:\/\/www.tokopedia.com\/paramafood\/gula-aren-semut-asli-nira-aren-bubuk-organik-1-kg-1731247727994963187?extParam=ivf%3Dtrue%26keyword%3Dgula+aren&src=topads",
    "search_query":"gula aren",
    "weight_kg":1.0,
    "price_per_kg":16000.0,
    "0":"lain",
    "1":"umum"
  },
  {
    "_id":{
      "$oid":"684903437013c07662ad8ade"
    },
    "timestamp_scrape":"2025-06-11T11:04:29.939395",
    "ecommerce":"Tokopedia",
    "product_name":"GULA AREN CAIR 1 KG - INSTAN (HARGA PABRIK)",
    "price_raw":"Rp30.000",
    "price_clean":30000.0,
    "shop_name":"Grosir NoorHalal",
    "location":"Lokasi tidak tersedia",
    "sold_count_raw":"100+ terjual",
    "sold_count_clean":100.0,
    "product_url":"https:\/\/www.tokopedia.com\/grosirnoorhalal\/gula-aren-cair-1-kg-instan-harga-pabrik?extParam=ivf%3Dfalse%26keyword%3Dgula+aren%26src%3Dsearch",
    "search_query":"gula aren",
    "weight_kg":1.0,
    "price_per_kg":30000.0,
    "0":"lain",
    "1":"umum"
  },
  {
    "_id":{
      "$oid":"684903437013c07662ad8adf"
    },
    "timestamp_scrape":"2025-06-11T11:04:30.547558",
    "ecommerce":"Tokopedia",
    "product_name":"Bubuk Minuman Coffee Brown Sugar Mix 1 kg - Serbuk rasa Kopi Gula Aren",
    "price_raw":"Rp50.774",
    "price_clean":50774.0,
    "shop_name":"aneka bubuk minuman",
    "location":"Lokasi tidak tersedia",
    "sold_count_raw":"40+ terjual",
    "sold_count_clean":40.0,
    "product_url":"https:\/\/www.tokopedia.com\/powderindonesia\/bubuk-minuman-coffee-brown-sugar-mix-1-kg-serbuk-rasa-kopi-gula-aren?extParam=ivf%3Dfalse%26keyword%3Dgula+aren%26src%3Dsearch",
    "search_query":"gula aren",
    "weight_kg":1.0,
    "price_per_kg":50774.0,
    "0":"lain",
    "1":"umum"
  },
  {
    "_id":{
      "$oid":"684903437013c07662ad8ae1"
    },
    "timestamp_scrape":"2025-06-11T11:04:31.759499",
    "ecommerce":"Tokopedia",
    "product_name":"Gula Aren Cair 100mL - Sirup Gula Merah - Sirop Aren Cair - Brown Sugar Syrup - Liquid Palm Sugar",
    "price_raw":"Rp8.670",
    "price_clean":8670.0,
    "shop_name":"Rumah Seduh",
    "location":"Lokasi tidak tersedia",
    "sold_count_raw":"1rb+ terjual",
    "sold_count_clean":1000.0,
    "product_url":"https:\/\/www.tokopedia.com\/rumahseduh\/gula-aren-cair-100ml-sirup-gula-merah-sirop-aren-cair-brown-sugar-syrup-liquid-palm-sugar-1729600145668868924?extParam=ivf%3Dfalse%26keyword%3Dgula+aren%26src%3Dsearch",
    "search_query":"gula aren",
    "weight_kg":0.1,
    "price_per_kg":86700.0,
    "0":"lain",
    "1":"umum"
  },
  {
    "_id":{
      "$oid":"684903437013c07662ad8ae2"
    },
    "timestamp_scrape":"2025-06-11T11:04:32.352850",
    "ecommerce":"Tokopedia",
    "product_name":"Gula Aren Asli \/ Gula Aren Cianjur",
    "price_raw":"Rp24.000",
    "price_clean":24000.0,
    "shop_name":"Bumbu Kak Ros",
    "location":"Lokasi tidak tersedia",
    "sold_count_raw":"250+ terjual",
    "sold_count_clean":250.0,
    "product_url":"https:\/\/www.tokopedia.com\/bumbukakros\/gula-aren-asli-gula-aren-cianjur?extParam=ivf%3Dfalse%26keyword%3Dgula+aren%26src%3Dsearch",
    "search_query":"gula aren",
    "weight_kg":null,
    "price_per_kg":null,
    "0":"lain",
    "1":"umum"
  },
  {
    "_id":{
      "$oid":"684903437013c07662ad8ae4"
    },
    "timestamp_scrape":"2025-06-11T11:04:33.556192",
    "ecommerce":"Tokopedia",
    "product_name":"Gula Aren Asli Cianjur",
    "price_raw":"Rp17.000",
    "price_clean":17000.0,
    "shop_name":"JoKoToLe._.MaRt",
    "location":"Lokasi tidak tersedia",
    "sold_count_raw":"50+ terjual",
    "sold_count_clean":50.0,
    "product_url":"https:\/\/www.tokopedia.com\/toko-jokotole\/gula-aren-asli-cianjur-500-gr?extParam=ivf%3Dfalse%26keyword%3Dgula+aren%26src%3Dsearch",
    "search_query":"gula aren",
    "weight_kg":null,
    "price_per_kg":null,
    "0":"bubuk",
    "1":"umum"
  },
  {
    "_id":{
      "$oid":"684903437013c07662ad8ae5"
    },
    "timestamp_scrape":"2025-06-11T11:04:34.160822",
    "ecommerce":"Tokopedia",
    "product_name":"gula kawung aren asli 100 % alami",
    "price_raw":"Rp28.000",
    "price_clean":28000.0,
    "shop_name":"Masak Sayur Bandung",
    "location":"Lokasi tidak tersedia",
    "sold_count_raw":"100+ terjual",
    "sold_count_clean":100.0,
    "product_url":"https:\/\/www.tokopedia.com\/masaksayur\/gula-kawung-aren-asli-100-alami?extParam=ivf%3Dfalse%26keyword%3Dgula+aren%26src%3Dsearch",
    "search_query":"gula aren",
    "weight_kg":null,
    "price_per_kg":null,
    "0":"lain",
    "1":"umum"
  },
  {
    "_id":{
      "$oid":"684903437013c07662ad8ae6"
    },
    "timestamp_scrape":"2025-06-11T11:04:34.753128",
    "ecommerce":"Tokopedia",
    "product_name":"Gula Aren Cair Organik Asli Belitung 5 Liter Jerigen",
    "price_raw":"Rp380.000",
    "price_clean":380000.0,
    "shop_name":"ladamadu",
    "location":"Lokasi tidak tersedia",
    "sold_count_raw":"28 terjual",
    "sold_count_clean":28.0,
    "product_url":"https:\/\/www.tokopedia.com\/ladamadu\/gula-aren-cair-organik-asli-belitung-5-liter-jerigen?extParam=ivf%3Dfalse%26keyword%3Dgula+aren%26src%3Dsearch",
    "search_query":"gula aren",
    "weight_kg":5.0,
    "price_per_kg":76000.0,
    "0":"cair",
    "1":"umum"
  },
  {
    "_id":{
      "$oid":"684903437013c07662ad8ae7"
    },
    "timestamp_scrape":"2025-06-11T11:04:35.353447",
    "ecommerce":"Tokopedia",
    "product_name":"Gula Aren Murni \"Karunia\"",
    "price_raw":"Rp35.000",
    "price_clean":35000.0,
    "shop_name":"deejah shops",
    "location":"Lokasi tidak tersedia",
    "sold_count_raw":"100+ terjual",
    "sold_count_clean":100.0,
    "product_url":"https:\/\/www.tokopedia.com\/deejahshops\/gula-aren-murni-karunia?extParam=ivf%3Dfalse%26keyword%3Dgula+aren%26src%3Dsearch",
    "search_query":"gula aren",
    "weight_kg":null,
    "price_per_kg":null,
    "0":"lain",
    "1":"umum"
  },
  {
    "_id":{
      "$oid":"684903437013c07662ad8ae8"
    },
    "timestamp_scrape":"2025-06-11T11:04:35.951778",
    "ecommerce":"Tokopedia",
    "product_name":"Pikopi Ramadhan 3 Bag Gula Aren + Free Reusable Cup",
    "price_raw":"Rp60.500",
    "price_clean":60500.0,
    "shop_name":"Kapal Api Store",
    "location":"Lokasi tidak tersedia",
    "sold_count_raw":"12 terjual",
    "sold_count_clean":12.0,
    "product_url":"https:\/\/www.tokopedia.com\/kapalapistore\/pikopi-ramadhan-3-bag-gula-aren-free-reusable-cup-1731009656081778109?extParam=ivf%3Dfalse%26keyword%3Dgula+aren%26src%3Dsearch",
    "search_query":"gula aren",
    "weight_kg":null,
    "price_per_kg":null,
    "0":"cair",
    "1":"umum"
  },
  {
    "_id":{
      "$oid":"684903437013c07662ad8ae9"
    },
    "timestamp_scrape":"2025-06-11T11:04:36.560470",
    "ecommerce":"Tokopedia",
    "product_name":"Nira Taru Gula Aren Asli \/ Gula Aren Semut \/ Gula Aren Bubuk 1 kg",
    "price_raw":"Rp28.000",
    "price_clean":28000.0,
    "shop_name":"Nira Taru",
    "location":"Lokasi tidak tersedia",
    "sold_count_raw":"60+ terjual",
    "sold_count_clean":60.0,
    "product_url":"https:\/\/www.tokopedia.com\/nirataru\/nira-taru-gula-aren-asli-gula-aren-semut-gula-aren-bubuk-1-kg?extParam=ivf%3Dfalse%26keyword%3Dgula+aren%26src%3Dsearch",
    "search_query":"gula aren",
    "weight_kg":1.0,
    "price_per_kg":28000.0,
    "0":"lain",
    "1":"umum"
  },
  {
    "_id":{
      "$oid":"684903437013c07662ad8aea"
    },
    "timestamp_scrape":"2025-06-11T11:04:37.152562",
    "ecommerce":"Tokopedia",
    "product_name":"Gulare Brown Sugar Syrup \/ Gula Aren Cair [Jerigen 1.3 Kg]",
    "price_raw":"Rp73.618",
    "price_clean":73618.0,
    "shop_name":"ok-grosir",
    "location":"Lokasi tidak tersedia",
    "sold_count_raw":"100+ terjual",
    "sold_count_clean":100.0,
    "product_url":"https:\/\/www.tokopedia.com\/ok-grosir\/gulare-brown-sugar-syrup-gula-aren-cair-jerigen-1-3-kg-brownsugarsirup-b57cd?extParam=ivf%3Dfalse%26keyword%3Dgula+aren%26src%3Dsearch",
    "search_query":"gula aren",
    "weight_kg":1.3,
    "price_per_kg":56629.2307692308,
    "0":"lain",
    "1":"umum"
  },
  {
    "_id":{
      "$oid":"684903437013c07662ad8aee"
    },
    "timestamp_scrape":"2025-06-11T11:05:05.235501",
    "ecommerce":"Tokopedia",
    "product_name":"kopi kapal api gula aren special mix",
    "price_raw":"Rp11.000",
    "price_clean":11000.0,
    "shop_name":"DhovDhef",
    "location":"Lokasi tidak tersedia",
    "sold_count_raw":"2 terjual",
    "sold_count_clean":2.0,
    "product_url":"https:\/\/www.tokopedia.com\/dhovdhef\/kopi-kapal-api-gula-aren-special-mix?extParam=ivf%3Dfalse%26keyword%3Dgula+aren%26src%3Dsearch",
    "search_query":"gula aren",
    "weight_kg":null,
    "price_per_kg":null,
    "0":"lain",
    "1":"umum"
  },
  {
    "_id":{
      "$oid":"684903437013c07662ad8aef"
    },
    "timestamp_scrape":"2025-06-11T11:05:05.835070",
    "ecommerce":"Tokopedia",
    "product_name":"GULA AREN BATOK KECIL SUPER",
    "price_raw":"Rp35.000",
    "price_clean":35000.0,
    "shop_name":"Ikan Giling Cherry BSD",
    "location":"Lokasi tidak tersedia",
    "sold_count_raw":"25 terjual",
    "sold_count_clean":25.0,
    "product_url":"https:\/\/www.tokopedia.com\/ikangilingcherrybsd\/gula-aren-batok-kecil-super?extParam=ivf%3Dfalse%26keyword%3Dgula+aren%26src%3Dsearch",
    "search_query":"gula aren",
    "weight_kg":null,
    "price_per_kg":null,
    "0":"lain",
    "1":"umum"
  },
  {
    "_id":{
      "$oid":"684903437013c07662ad8af0"
    },
    "timestamp_scrape":"2025-06-11T11:05:06.434548",
    "ecommerce":"Tokopedia",
    "product_name":"LEGI Gula Cair Alami, 100% Tebu Murni, Gula Rendah Glikemik untuk Diet dan Diabetes, Pengganti Gula Sehat dan Pemanis Alami 425ML",
    "price_raw":"Rp150.000",
    "price_clean":150000.0,
    "shop_name":"Legi Indonesia",
    "location":"Lokasi tidak tersedia",
    "sold_count_raw":"15 terjual",
    "sold_count_clean":15.0,
    "product_url":"https:\/\/www.tokopedia.com\/legiindonesia\/legi-gula-cair-alami-100-tebu-murni-gula-rendah-glikemik-untuk-diet-dan-diabetes-pengganti-gula-sehat-dan-pemanis-alami-425ml?extParam=ivf%3Dfalse%26keyword%3Dgula+aren&src=topads",
    "search_query":"gula aren",
    "weight_kg":0.425,
    "price_per_kg":352941.1764705883,
    "0":"lain",
    "1":"umum"
  },
  {
    "_id":{
      "$oid":"684903437013c07662ad8af1"
    },
    "timestamp_scrape":"2025-06-11T11:05:07.038640",
    "ecommerce":"Tokopedia",
    "product_name":"HAAN PALM SUGAR \/ GULA AREN 250 Gr",
    "price_raw":"Rp18.600",
    "price_clean":18600.0,
    "shop_name":"IKIGAE",
    "location":"Lokasi tidak tersedia",
    "sold_count_raw":"750+ terjual",
    "sold_count_clean":750.0,
    "product_url":"https:\/\/www.tokopedia.com\/ikigaesuperstore\/haan-palm-sugar-gula-aren-250-gr?extParam=ivf%3Dfalse%26keyword%3Dgula+aren%26src%3Dsearch",
    "search_query":"gula aren",
    "weight_kg":0.25,
    "price_per_kg":74400.0,
    "0":"lain",
    "1":"umum"
  },
  {
    "_id":{
      "$oid":"684903437013c07662ad8af2"
    },
    "timestamp_scrape":"2025-06-11T11:05:07.634585",
    "ecommerce":"Tokopedia",
    "product_name":"gula aren asli -gula kawung organik",
    "price_raw":"Rp2.400",
    "price_clean":2400.0,
    "shop_name":"Nugrahajayastore",
    "location":"Lokasi tidak tersedia",
    "sold_count_raw":"30+ terjual",
    "sold_count_clean":30.0,
    "product_url":"https:\/\/www.tokopedia.com\/nugrahajayastore\/gula-aren-asli-gula-kawung-organik?extParam=ivf%3Dfalse%26keyword%3Dgula+aren%26src%3Dsearch",
    "search_query":"gula aren",
    "weight_kg":null,
    "price_per_kg":null,
    "0":"bubuk",
    "1":"organik"
  },
  {
    "_id":{
      "$oid":"684903437013c07662ad8af3"
    },
    "timestamp_scrape":"2025-06-11T11:05:08.229351",
    "ecommerce":"Tokopedia",
    "product_name":"gula cair \/ simple sirup rose brand 30 kg",
    "price_raw":"Rp450.000",
    "price_clean":450000.0,
    "shop_name":"gudang temen",
    "location":"Lokasi tidak tersedia",
    "sold_count_raw":"70+ terjual",
    "sold_count_clean":70.0,
    "product_url":"https:\/\/www.tokopedia.com\/gudangtemen\/gula-cair-simple-sirup-rose-brand-30-kg?extParam=ivf%3Dfalse%26keyword%3Dgula+aren&src=topads",
    "search_query":"gula aren",
    "weight_kg":30.0,
    "price_per_kg":15000.0,
    "0":"lain",
    "1":"umum"
  },
  {
    "_id":{
      "$oid":"684903437013c07662ad8af4"
    },
    "timestamp_scrape":"2025-06-11T11:05:08.826933",
    "ecommerce":"Tokopedia",
    "product_name":"Jahe Merah Gula Aren Anget Anget 500gr",
    "price_raw":"Rp38.500",
    "price_clean":38500.0,
    "shop_name":"JaheRoRo",
    "location":"Lokasi tidak tersedia",
    "sold_count_raw":"250+ terjual",
    "sold_count_clean":250.0,
    "product_url":"https:\/\/www.tokopedia.com\/jaheroro\/jahe-merah-gula-aren-anget-anget-500gr?extParam=ivf%3Dfalse%26keyword%3Dgula+aren%26src%3Dsearch",
    "search_query":"gula aren",
    "weight_kg":0.5,
    "price_per_kg":77000.0,
    "0":"lain",
    "1":"umum"
  },
  {
    "_id":{
      "$oid":"684903437013c07662ad8af5"
    },
    "timestamp_scrape":"2025-06-11T11:05:09.422150",
    "ecommerce":"Tokopedia",
    "product_name":"Gula Aren Cair Aromanis 1.2kg Drigen",
    "price_raw":"Rp57.000",
    "price_clean":57000.0,
    "shop_name":"Valuemart99",
    "location":"Lokasi tidak tersedia",
    "sold_count_raw":"10 terjual",
    "sold_count_clean":10.0,
    "product_url":"https:\/\/www.tokopedia.com\/valuemart99\/gula-aren-cair-aromanis-1-2kg-drigen?extParam=ivf%3Dfalse%26keyword%3Dgula+aren%26src%3Dsearch",
    "search_query":"gula aren",
    "weight_kg":1.2,
    "price_per_kg":47500.0,
    "0":"lain",
    "1":"umum"
  },
  {
    "_id":{
      "$oid":"684903437013c07662ad8af6"
    },
    "timestamp_scrape":"2025-06-11T11:05:10.014899",
    "ecommerce":"Tokopedia",
    "product_name":"1kg Gula Aren Asli 100%",
    "price_raw":"Rp28.000",
    "price_clean":28000.0,
    "shop_name":"Toko BERKAH Ikan Asin",
    "location":"Lokasi tidak tersedia",
    "sold_count_raw":"60+ terjual",
    "sold_count_clean":60.0,
    "product_url":"https:\/\/www.tokopedia.com\/tokoberkahikan\/1kg-gula-aren-asli-100?extParam=ivf%3Dfalse%26keyword%3Dgula+aren%26src%3Dsearch",
    "search_query":"gula aren",
    "weight_kg":1.0,
    "price_per_kg":28000.0,
    "0":"cair",
    "1":"umum"
  },
  {
    "_id":{
      "$oid":"684903437013c07662ad8af7"
    },
    "timestamp_scrape":"2025-06-11T11:05:10.612716",
    "ecommerce":"Tokopedia",
    "product_name":"mesin aduk gula aren\/dodol",
    "price_raw":"Rp7.850.000",
    "price_clean":7850000.0,
    "shop_name":"Asesoris kitchen",
    "location":"Lokasi tidak tersedia",
    "sold_count_raw":"40+ terjual",
    "sold_count_clean":40.0,
    "product_url":"https:\/\/www.tokopedia.com\/asesoriskitchen\/mesin-aduk-gula-aren-dodol?extParam=ivf%3Dfalse%26keyword%3Dgula+aren%26src%3Dsearch",
    "search_query":"gula aren",
    "weight_kg":null,
    "price_per_kg":null,
    "0":"lain",
    "1":"umum"
  },
  {
    "_id":{
      "$oid":"684903437013c07662ad8af8"
    },
    "timestamp_scrape":"2025-06-11T11:05:11.206102",
    "ecommerce":"Tokopedia",
    "product_name":"KOPI ABC GULA AREN 1 RENCENG ISI 10 BONUS 1 SACHET",
    "price_raw":"Rp12.500",
    "price_clean":12500.0,
    "shop_name":"tokonyakaffah",
    "location":"Lokasi tidak tersedia",
    "sold_count_raw":"8rb+ terjual",
    "sold_count_clean":8000.0,
    "product_url":"https:\/\/www.tokopedia.com\/tokonyakaffah\/kopi-abc-gula-aren-1-renceng-isi-10-bonus-1-sachet?extParam=ivf%3Dfalse%26keyword%3Dgula+aren%26src%3Dsearch",
    "search_query":"gula aren",
    "weight_kg":null,
    "price_per_kg":null,
    "0":"cair",
    "1":"umum"
  },
  {
    "_id":{
      "$oid":"684903437013c07662ad8af9"
    },
    "timestamp_scrape":"2025-06-11T11:05:11.797016",
    "ecommerce":"Tokopedia",
    "product_name":"Gula Aren Asli Malingping, Pandeglang-Banten",
    "price_raw":"Rp13.800",
    "price_clean":13800.0,
    "shop_name":"toko amas",
    "location":"Lokasi tidak tersedia",
    "sold_count_raw":"23 terjual",
    "sold_count_clean":23.0,
    "product_url":"https:\/\/www.tokopedia.com\/tokoamas\/gula-aren-asli-malingping-pandeglang-banten?extParam=ivf%3Dfalse%26keyword%3Dgula+aren%26src%3Dsearch",
    "search_query":"gula aren",
    "weight_kg":null,
    "price_per_kg":null,
    "0":"lain",
    "1":"umum"
  },
  {
    "_id":{
      "$oid":"684903437013c07662ad8afa"
    },
    "timestamp_scrape":"2025-06-11T11:05:12.392161",
    "ecommerce":"Tokopedia",
    "product_name":"Gula Merah 1kg Asli gula aren",
    "price_raw":"Rp16.500",
    "price_clean":16500.0,
    "shop_name":"Nandira Offecial shop",
    "location":"Lokasi tidak tersedia",
    "sold_count_raw":"11 terjual",
    "sold_count_clean":11.0,
    "product_url":"https:\/\/www.tokopedia.com\/ahmmarket\/gula-merah-1kg-asli-gula-aren-500-gram-946d6?extParam=ivf%3Dfalse%26keyword%3Dgula+aren%26src%3Dsearch",
    "search_query":"gula aren",
    "weight_kg":1.0,
    "price_per_kg":16500.0,
    "0":"lain",
    "1":"umum"
  },
  {
    "_id":{
      "$oid":"684903437013c07662ad8afc"
    },
    "timestamp_scrape":"2025-06-11T11:05:42.957536",
    "ecommerce":"Tokopedia",
    "product_name":"Sekarjawi Wedang Rempah Djawa 30 gram Komplit Gula Batu",
    "price_raw":"Rp4.200",
    "price_clean":4200.0,
    "shop_name":"snackbilqis",
    "location":"Lokasi tidak tersedia",
    "sold_count_raw":"70+ terjual",
    "sold_count_clean":70.0,
    "product_url":"https:\/\/www.tokopedia.com\/snackbilqis\/sekarjawi-wedang-rempah-djawa-30-gram-komplit-gula-batu-secang?extParam=ivf%3Dfalse%26keyword%3Dgula+aren&src=topads",
    "search_query":"gula aren",
    "weight_kg":0.03,
    "price_per_kg":140000.0,
    "0":"cair",
    "1":"umum"
  },
  {
    "_id":{
      "$oid":"684903437013c07662ad8afe"
    },
    "timestamp_scrape":"2025-06-11T11:05:44.140162",
    "ecommerce":"Tokopedia",
    "product_name":"30% DISKON COFFEE LOKALATE GULA AREN 220718",
    "price_raw":"Rp2.000",
    "price_clean":2000.0,
    "shop_name":"SUN FLOWER * FROZEN FOOD",
    "location":"Lokasi tidak tersedia",
    "sold_count_raw":"30+ terjual",
    "sold_count_clean":30.0,
    "product_url":"https:\/\/www.tokopedia.com\/sunflowerfrozen\/30-diskon-coffee-lokalate-gula-aren-220718?extParam=ivf%3Dfalse%26keyword%3Dgula+aren%26src%3Dsearch",
    "search_query":"gula aren",
    "weight_kg":null,
    "price_per_kg":null,
    "0":"lain",
    "1":"umum"
  },
  {
    "_id":{
      "$oid":"684903437013c07662ad8aff"
    },
    "timestamp_scrape":"2025-06-11T11:05:44.729343",
    "ecommerce":"Tokopedia",
    "product_name":"Dou Brown Sugar Soy Milk (Susu Kacang Kedelai Gula Aren)",
    "price_raw":"Rp18.500",
    "price_clean":18500.0,
    "shop_name":"dou_id",
    "location":"Lokasi tidak tersedia",
    "sold_count_raw":"100+ terjual",
    "sold_count_clean":100.0,
    "product_url":"https:\/\/www.tokopedia.com\/douid\/dou-brown-sugar-soy-milk-susu-kacang-kedelai-gula-aren-350ml?extParam=ivf%3Dfalse%26keyword%3Dgula+aren%26src%3Dsearch",
    "search_query":"gula aren",
    "weight_kg":null,
    "price_per_kg":null,
    "0":"bubuk",
    "1":"murni"
  },
  {
    "_id":{
      "$oid":"684903437013c07662ad8b00"
    },
    "timestamp_scrape":"2025-06-11T11:05:45.328041",
    "ecommerce":"Tokopedia",
    "product_name":"Supergoat Susu Etawa Kambing Bubuk Gula Aren Milk Dairy",
    "price_raw":"Rp59.900",
    "price_clean":59900.0,
    "shop_name":"Supergoat Indonesia",
    "location":"Lokasi tidak tersedia",
    "sold_count_raw":"1rb+ terjual",
    "sold_count_clean":1000.0,
    "product_url":"https:\/\/www.tokopedia.com\/supergoat-indonesia\/supergoat-susu-etawa-kambing-bubuk-gula-aren-milk-dairy-1729603270347098272?extParam=ivf%3Dfalse%26keyword%3Dgula+aren%26src%3Dsearch",
    "search_query":"gula aren",
    "weight_kg":null,
    "price_per_kg":null,
    "0":"cair",
    "1":"umum"
  },
  {
    "_id":{
      "$oid":"684903437013c07662ad8b01"
    },
    "timestamp_scrape":"2025-06-11T11:05:45.923061",
    "ecommerce":"Tokopedia",
    "product_name":"gula aren cair Goolaka 5liter \/ kopi gula aren \/ palm sugar",
    "price_raw":"Rp264.000",
    "price_clean":264000.0,
    "shop_name":"Bakingmart",
    "location":"Lokasi tidak tersedia",
    "sold_count_raw":"2rb+ terjual",
    "sold_count_clean":2000.0,
    "product_url":"https:\/\/www.tokopedia.com\/bakingmart\/gula-aren-cair-goolaka-5liter-kopi-gula-aren-palm-sugar-1731257661152658557?extParam=ivf%3Dfalse%26keyword%3Dgula+aren%26src%3Dsearch",
    "search_query":"gula aren",
    "weight_kg":5.0,
    "price_per_kg":52800.0,
    "0":"lain",
    "1":"umum"
  },
  {
    "_id":{
      "$oid":"684903437013c07662ad8b02"
    },
    "timestamp_scrape":"2025-06-11T11:05:46.521764",
    "ecommerce":"Tokopedia",
    "product_name":"gula aren murni 1 kg asli cianjur",
    "price_raw":"Rp24.000",
    "price_clean":24000.0,
    "shop_name":"CupangHiperz",
    "location":"Lokasi tidak tersedia",
    "sold_count_raw":"1rb+ terjual",
    "sold_count_clean":1000.0,
    "product_url":"https:\/\/www.tokopedia.com\/karyasahabatbest\/gula-aren-murni-1-kg-asli-cianjur-1730869258362128366?extParam=ivf%3Dfalse%26keyword%3Dgula+aren%26src%3Dsearch",
    "search_query":"gula aren",
    "weight_kg":1.0,
    "price_per_kg":24000.0,
    "0":"cair",
    "1":"umum"
  },
  {
    "_id":{
      "$oid":"684903437013c07662ad8b03"
    },
    "timestamp_scrape":"2025-06-11T11:05:47.118241",
    "ecommerce":"Tokopedia",
    "product_name":"Premium Brown Sugar \/ Gula Merah Cair 1kg\/ Gula Aren",
    "price_raw":"Rp25.900",
    "price_clean":25900.0,
    "shop_name":"rumah kebab jakarta",
    "location":"Lokasi tidak tersedia",
    "sold_count_raw":"2rb+ terjual",
    "sold_count_clean":2000.0,
    "product_url":"https:\/\/www.tokopedia.com\/rumah-kebab\/premium-brown-sugar-gula-merah-cair-1kg-gula-aren?extParam=ivf%3Dfalse%26keyword%3Dgula+aren%26src%3Dsearch",
    "search_query":"gula aren",
    "weight_kg":1.0,
    "price_per_kg":25900.0,
    "0":"lain",
    "1":"umum"
  },
  {
    "_id":{
      "$oid":"684903437013c07662ad8b04"
    },
    "timestamp_scrape":"2025-06-11T11:05:47.717015",
    "ecommerce":"Tokopedia",
    "product_name":"Gula Aren Asli Gula Kawung Asli Gula Merah Balegede Cianjur 500 gr",
    "price_raw":"Rp13.500",
    "price_clean":13500.0,
    "shop_name":"mitra kitchenn",
    "location":"Lokasi tidak tersedia",
    "sold_count_raw":"250+ terjual",
    "sold_count_clean":250.0,
    "product_url":"https:\/\/www.tokopedia.com\/mitrakitchenn\/gula-aren-asli-gula-kawung-asli-gula-merah-balegede-cianjur-500-gr-pakai-bungkus-5c88?extParam=ivf%3Dfalse%26keyword%3Dgula+aren%26src%3Dsearch",
    "search_query":"gula aren",
    "weight_kg":0.5,
    "price_per_kg":27000.0,
    "0":"lain",
    "1":"umum"
  },
  {
    "_id":{
      "$oid":"684903437013c07662ad8b05"
    },
    "timestamp_scrape":"2025-06-11T11:05:48.314825",
    "ecommerce":"Tokopedia",
    "product_name":"Gulare Gula Aren Syrup Palm Sugar | Brown Sugar | Pandan Syrup - 1.3KG",
    "price_raw":"Rp69.990",
    "price_clean":69990.0,
    "shop_name":"Proto De Remo",
    "location":"Lokasi tidak tersedia",
    "sold_count_raw":"50+ terjual",
    "sold_count_clean":50.0,
    "product_url":"https:\/\/www.tokopedia.com\/zoekymart\/gulare-gula-aren-syrup-palm-sugar-brown-sugar-pandan-syrup-1-3kg-1729826322525030291?extParam=ivf%3Dfalse%26keyword%3Dgula+aren%26src%3Dsearch",
    "search_query":"gula aren",
    "weight_kg":1.3,
    "price_per_kg":53838.4615384615,
    "0":"cair",
    "1":"umum"
  },
  {
    "_id":{
      "$oid":"684903437013c07662ad8b06"
    },
    "timestamp_scrape":"2025-06-11T11:05:48.907598",
    "ecommerce":"Tokopedia",
    "product_name":"Kunyit Temulawak Jahe Merah Kayu Manis Gula Aren Bubuk Murni Wedang Rempah Original",
    "price_raw":"Rp36.990",
    "price_clean":36990.0,
    "shop_name":"Melati Noni",
    "location":"Lokasi tidak tersedia",
    "sold_count_raw":"750+ terjual",
    "sold_count_clean":750.0,
    "product_url":"https:\/\/www.tokopedia.com\/melatinoni\/kunyit-temulawak-jahe-merah-kayu-manis-gula-aren-bubuk-murni-wedang-rempah-original-1730160369739335586?extParam=ivf%3Dfalse%26keyword%3Dgula+aren%26src%3Dsearch",
    "search_query":"gula aren",
    "weight_kg":null,
    "price_per_kg":null,
    "0":"bubuk",
    "1":"organik"
  },
  {
    "_id":{
      "$oid":"684903437013c07662ad8b07"
    },
    "timestamp_scrape":"2025-06-11T11:05:49.510884",
    "ecommerce":"Tokopedia",
    "product_name":"ABC kopi susu Gula Aren Rcg",
    "price_raw":"Rp17.850",
    "price_clean":17850.0,
    "shop_name":"widjaya mart I",
    "location":"Lokasi tidak tersedia",
    "sold_count_raw":"9 terjual",
    "sold_count_clean":9.0,
    "product_url":"https:\/\/www.tokopedia.com\/widjayamart1\/abc-kopi-susu-gula-aren-rcg?extParam=ivf%3Dfalse%26keyword%3Dgula+aren%26src%3Dsearch",
    "search_query":"gula aren",
    "weight_kg":null,
    "price_per_kg":null,
    "0":"lain",
    "1":"umum"
  },
  {
    "_id":{
      "$oid":"684903437013c07662ad8b08"
    },
    "timestamp_scrape":"2025-06-11T11:05:50.411098",
    "ecommerce":"Tokopedia",
    "product_name":"Mesin Pengaduk Gula Aren Batok \/ Mesin Pemasak Nira",
    "price_raw":"Rp10.000.000",
    "price_clean":10000000.0,
    "shop_name":"FIRATAMA SEJAHTERA",
    "location":"Lokasi tidak tersedia",
    "sold_count_raw":"0 terjual",
    "sold_count_clean":0.0,
    "product_url":"https:\/\/www.tokopedia.com\/firatama-sejahtera\/mesin-pengaduk-gula-aren-batok-mesin-pemasak-nira?extParam=ivf%3Dfalse%26keyword%3Dgula+aren%26src%3Dsearch",
    "search_query":"gula aren",
    "weight_kg":null,
    "price_per_kg":null,
    "0":"lain",
    "1":"umum"
  },
  {
    "_id":{
      "$oid":"684903437013c07662ad8b0b"
    },
    "timestamp_scrape":"2025-06-11T11:06:17.495685",
    "ecommerce":"Tokopedia",
    "product_name":"Top Coffee Kopi Instan Gula Aren isi 15 sct x 22 gr",
    "price_raw":"Rp21.200",
    "price_clean":21200.0,
    "shop_name":"CamilanCemilan",
    "location":"Lokasi tidak tersedia",
    "sold_count_raw":"60+ terjual",
    "sold_count_clean":60.0,
    "product_url":"https:\/\/www.tokopedia.com\/camilancemilan\/top-coffee-kopi-instan-gula-aren-isi-15-sct-x-22-gr-1729625782885123558?extParam=ivf%3Dfalse%26keyword%3Dgula+aren%26src%3Dsearch",
    "search_query":"gula aren",
    "weight_kg":0.022,
    "price_per_kg":963636.3636363636,
    "0":"lain",
    "1":"umum"
  },
  {
    "_id":{
      "$oid":"684903437013c07662ad8b0c"
    },
    "timestamp_scrape":"2025-06-11T11:06:18.097386",
    "ecommerce":"Tokopedia",
    "product_name":"gula aren asli tanpa campuran 1kg",
    "price_raw":"Rp28.000",
    "price_clean":28000.0,
    "shop_name":"PLANET HERBAL'Z",
    "location":"Lokasi tidak tersedia",
    "sold_count_raw":"2rb+ terjual",
    "sold_count_clean":2000.0,
    "product_url":"https:\/\/www.tokopedia.com\/pherbalz\/gula-aren-asli-tanpa-campuran-1kg?extParam=ivf%3Dfalse%26keyword%3Dgula+aren%26src%3Dsearch",
    "search_query":"gula aren",
    "weight_kg":1.0,
    "price_per_kg":28000.0,
    "0":"lain",
    "1":"umum"
  },
  {
    "_id":{
      "$oid":"684903437013c07662ad8b0e"
    },
    "timestamp_scrape":"2025-06-11T11:06:19.299045",
    "ecommerce":"Tokopedia",
    "product_name":"Sweetener Tropicana Slim Classic \/ diabtx \/ Stevia \/ Honey \/ Lemongrass Sereh Pandan \/ Gula Aren \/ Lo Han Guo isi 50 sachets",
    "price_raw":"Rp49.500",
    "price_clean":49500.0,
    "shop_name":"BeHealthyLifeShop",
    "location":"Lokasi tidak tersedia",
    "sold_count_raw":"12 terjual",
    "sold_count_clean":12.0,
    "product_url":"https:\/\/www.tokopedia.com\/behealthylife\/sweetener-tropicana-slim-classic-diabtx-stevia-honey-lemongrass-sereh-pandan-gula-aren-lo-han-guo-isi-50-sachets-1729768077584795600?extParam=ivf%3Dfalse%26keyword%3Dgula+aren%26src%3Dsearch",
    "search_query":"gula aren",
    "weight_kg":null,
    "price_per_kg":null,
    "0":"cair",
    "1":"organik"
  },
  {
    "_id":{
      "$oid":"684903437013c07662ad8b0f"
    },
    "timestamp_scrape":"2025-06-11T11:06:19.900575",
    "ecommerce":"Tokopedia",
    "product_name":"TOP KOPI GULA AREN 6+3 PCS X 22GR",
    "price_raw":"Rp13.900",
    "price_clean":13900.0,
    "shop_name":"Hypermart Pejaten Village",
    "location":"Lokasi tidak tersedia",
    "sold_count_raw":"250+ terjual",
    "sold_count_clean":250.0,
    "product_url":"https:\/\/www.tokopedia.com\/hypermartpejaten\/top-kopi-gula-aren-6-3-pcs-x-22gr?extParam=ivf%3Dfalse%26keyword%3Dgula+aren%26src%3Dsearch",
    "search_query":"gula aren",
    "weight_kg":0.022,
    "price_per_kg":631818.1818181819,
    "0":"lain",
    "1":"umum"
  },
  {
    "_id":{
      "$oid":"684903437013c07662ad8b11"
    },
    "timestamp_scrape":"2025-06-11T11:06:21.104974",
    "ecommerce":"Tokopedia",
    "product_name":"GULA AREN SUPER ASLI PALEMBANG",
    "price_raw":"Rp30.000",
    "price_clean":30000.0,
    "shop_name":"IKAN GILING SJ FISH CIBUBUR",
    "location":"Lokasi tidak tersedia",
    "sold_count_raw":"3rb+ terjual",
    "sold_count_clean":3000.0,
    "product_url":"https:\/\/www.tokopedia.com\/ikangilingsjfish\/gula-aren-super-asli-palembang?extParam=ivf%3Dfalse%26keyword%3Dgula+aren%26src%3Dsearch",
    "search_query":"gula aren",
    "weight_kg":null,
    "price_per_kg":null,
    "0":"lain",
    "1":"umum"
  },
  {
    "_id":{
      "$oid":"684903437013c07662ad8b12"
    },
    "timestamp_scrape":"2025-06-11T11:06:21.711607",
    "ecommerce":"Tokopedia",
    "product_name":"Gula Aren Bubuk 1 kg Nowhealth Palm Sugar Organik Pemanis Alami",
    "price_raw":"Rp32.500",
    "price_clean":32500.0,
    "shop_name":"nowhealth",
    "location":"Lokasi tidak tersedia",
    "sold_count_raw":"750+ terjual",
    "sold_count_clean":750.0,
    "product_url":"https:\/\/www.tokopedia.com\/nowhealth\/gula-aren-bubuk-1-kg-nowhealth-palm-sugar-organik-pemanis-alami-1730759594216294324?extParam=ivf%3Dfalse%26keyword%3Dgula+aren%26src%3Dsearch",
    "search_query":"gula aren",
    "weight_kg":1.0,
    "price_per_kg":32500.0,
    "0":"lain",
    "1":"umum"
  },
  {
    "_id":{
      "$oid":"684903437013c07662ad8b13"
    },
    "timestamp_scrape":"2025-06-11T11:06:22.308204",
    "ecommerce":"Tokopedia",
    "product_name":"TOP KOPI Gula Aren \/ Avocado (1 Renceng 15 Sachet) Coffee Bubuk",
    "price_raw":"Rp21.000",
    "price_clean":21000.0,
    "shop_name":"HAYAOLSHOP",
    "location":"Lokasi tidak tersedia",
    "sold_count_raw":"100+ terjual",
    "sold_count_clean":100.0,
    "product_url":"https:\/\/www.tokopedia.com\/hayaolshop\/top-kopi-gula-aren-avocado-1-renceng-15-sachet-coffee-bubuk-1729658476534597107?extParam=ivf%3Dfalse%26keyword%3Dgula+aren%26src%3Dsearch",
    "search_query":"gula aren",
    "weight_kg":null,
    "price_per_kg":null,
    "0":"lain",
    "1":"umum"
  },
  {
    "_id":{
      "$oid":"684903437013c07662ad8b14"
    },
    "timestamp_scrape":"2025-06-11T11:06:22.902834",
    "ecommerce":"Tokopedia",
    "product_name":"Gulare Brown sugar stick gula aren palm sugar sachet",
    "price_raw":"Rp51.900",
    "price_clean":51900.0,
    "shop_name":"Syu Shop tokpediashop",
    "location":"Lokasi tidak tersedia",
    "sold_count_raw":"500+ terjual",
    "sold_count_clean":500.0,
    "product_url":"https:\/\/www.tokopedia.com\/syushop\/gulare-brown-sugar-stick-gula-aren-palm-sugar-sachet?extParam=ivf%3Dfalse%26keyword%3Dgula+aren%26src%3Dsearch",
    "search_query":"gula aren",
    "weight_kg":null,
    "price_per_kg":null,
    "0":"lain",
    "1":"umum"
  },
  {
    "_id":{
      "$oid":"684903437013c07662ad8b15"
    },
    "timestamp_scrape":"2025-06-11T11:06:23.512062",
    "ecommerce":"Tokopedia",
    "product_name":"DENALI PALM SUGAR SYRUP GULA AREN CAIR 2KG",
    "price_raw":"Rp155.000",
    "price_clean":155000.0,
    "shop_name":"REFATOFFEE RFT",
    "location":"Lokasi tidak tersedia",
    "sold_count_raw":"14 terjual",
    "sold_count_clean":14.0,
    "product_url":"https:\/\/www.tokopedia.com\/refatoffee-rft\/denali-palm-sugar-syrup-gula-aren-cair-2kg?extParam=ivf%3Dfalse%26keyword%3Dgula+aren%26src%3Dsearch",
    "search_query":"gula aren",
    "weight_kg":2.0,
    "price_per_kg":77500.0,
    "0":"lain",
    "1":"umum"
  },
  {
    "_id":{
      "$oid":"684903437013c07662ad8b16"
    },
    "timestamp_scrape":"2025-06-11T11:06:24.116135",
    "ecommerce":"Tokopedia",
    "product_name":"PAKET PATI GARUT+ GULA AREN 250 GR Sagosan",
    "price_raw":"Rp38.990",
    "price_clean":38990.0,
    "shop_name":"Nonamegoods",
    "location":"Lokasi tidak tersedia",
    "sold_count_raw":"70+ terjual",
    "sold_count_clean":70.0,
    "product_url":"https:\/\/www.tokopedia.com\/nonamegoods\/paket-pati-garut-gula-aren-sagosan-250-gr?extParam=ivf%3Dfalse%26keyword%3Dgula+aren%26src%3Dsearch",
    "search_query":"gula aren",
    "weight_kg":0.25,
    "price_per_kg":155960.0,
    "0":"bubuk",
    "1":"murni"
  },
  {
    "_id":{
      "$oid":"684903437013c07662ad8b17"
    },
    "timestamp_scrape":"2025-06-11T11:06:24.754701",
    "ecommerce":"Tokopedia",
    "product_name":"Gula Aren Merah Cair \/ Brown Sugar Syrup - 5 Liter Jerigen",
    "price_raw":"Rp200.000",
    "price_clean":200000.0,
    "shop_name":"Fosserca supplier",
    "location":"Lokasi tidak tersedia",
    "sold_count_raw":"1rb+ terjual",
    "sold_count_clean":1000.0,
    "product_url":"https:\/\/www.tokopedia.com\/fosserca\/gula-aren-merah-cair-brown-sugar-syrup-5-liter-jerigen?extParam=ivf%3Dfalse%26keyword%3Dgula+aren%26src%3Dsearch",
    "search_query":"gula aren",
    "weight_kg":5.0,
    "price_per_kg":40000.0,
    "0":"cair",
    "1":"umum"
  },
  {
    "_id":{
      "$oid":"684903437013c07662ad8b1b"
    },
    "timestamp_scrape":"2025-06-11T11:06:53.792436",
    "ecommerce":"Tokopedia",
    "product_name":"Gula GMP Kemasan 1 Kg - Gula Asli Berkualitas - Food, Sugar Manis Putih White Brown Bahan Aren gula",
    "price_raw":"Rp21.000",
    "price_clean":21000.0,
    "shop_name":"diannomarket",
    "location":"Lokasi tidak tersedia",
    "sold_count_raw":"4rb+ terjual",
    "sold_count_clean":4000.0,
    "product_url":"https:\/\/www.tokopedia.com\/diannomarket-115\/gula-gmp-kemasan-1-kg-gula-asli-berkualitas-food-sugar-manis-putih-white-brown-bahan-aren-gula-1729769623842358903?extParam=ivf%3Dfalse%26keyword%3Dgula+aren%26src%3Dsearch",
    "search_query":"gula aren",
    "weight_kg":1.0,
    "price_per_kg":21000.0,
    "0":"lain",
    "1":"umum"
  },
  {
    "_id":{
      "$oid":"684903437013c07662ad8b1c"
    },
    "timestamp_scrape":"2025-06-11T11:06:54.398691",
    "ecommerce":"Tokopedia",
    "product_name":"Cincau Hijau Rambat Alami 1 dus isi 8, Gula Putih dan Aren",
    "price_raw":"Rp80.000",
    "price_clean":80000.0,
    "shop_name":"Cincau Herbal Alami",
    "location":"Lokasi tidak tersedia",
    "sold_count_raw":"16 terjual",
    "sold_count_clean":16.0,
    "product_url":"https:\/\/www.tokopedia.com\/cincauherbalalami\/cincau-hijau-rambat-alami-1-dus-isi-8-gula-putih-dan-aren-gula-aren-4c3ed?extParam=ivf%3Dfalse%26keyword%3Dgula+aren%26src%3Dsearch",
    "search_query":"gula aren",
    "weight_kg":0.008,
    "price_per_kg":10000000.0,
    "0":"lain",
    "1":"umum"
  },
  {
    "_id":{
      "$oid":"684903437013c07662ad8b1d"
    },
    "timestamp_scrape":"2025-06-11T11:06:55.042795",
    "ecommerce":"Tokopedia",
    "product_name":"LEGI Gula Cair Alami, 100% Tebu Murni, Gula Rendah Glikemik untuk Diet dan Diabetes, Pengganti Gula Sehat dan Pemanis Alami 100ML - Jakarta",
    "price_raw":"Rp40.000",
    "price_clean":40000.0,
    "shop_name":"Legi Indonesia",
    "location":"Lokasi tidak tersedia",
    "sold_count_raw":"20 terjual",
    "sold_count_clean":20.0,
    "product_url":"https:\/\/www.tokopedia.com\/legiindonesia\/legi-gula-cair-alami-100-tebu-murni-gula-rendah-glikemik-untuk-diet-dan-diabetes-pengganti-gula-sehat-dan-pemanis-alami-100ml-jakarta?extParam=ivf%3Dfalse%26keyword%3Dgula+aren&src=topads",
    "search_query":"gula aren",
    "weight_kg":0.1,
    "price_per_kg":400000.0,
    "0":"cair",
    "1":"umum"
  },
  {
    "_id":{
      "$oid":"684903437013c07662ad8b1e"
    },
    "timestamp_scrape":"2025-06-11T11:06:55.656000",
    "ecommerce":"Tokopedia",
    "product_name":"KARUNIA Gula Aren Bubuk \/ Pal Sugar 500 gr",
    "price_raw":"Rp28.400",
    "price_clean":28400.0,
    "shop_name":"TBK Ny Liem",
    "location":"Lokasi tidak tersedia",
    "sold_count_raw":"750+ terjual",
    "sold_count_clean":750.0,
    "product_url":"https:\/\/www.tokopedia.com\/tbknyliem\/karunia-gula-aren-bubuk-pal-sugar-500-gr?extParam=ivf%3Dfalse%26keyword%3Dgula+aren%26src%3Dsearch",
    "search_query":"gula aren",
    "weight_kg":0.5,
    "price_per_kg":56800.0,
    "0":"bubuk",
    "1":"umum"
  },
  {
    "_id":{
      "$oid":"684903437013c07662ad8b1f"
    },
    "timestamp_scrape":"2025-06-11T11:06:56.264047",
    "ecommerce":"Tokopedia",
    "product_name":"Gula Merah Aren Asli dari Air Nira Aren 1 kg - Pemanis Alami - Sugar,Bahan",
    "price_raw":"Rp30.000",
    "price_clean":30000.0,
    "shop_name":"Omise Kang Nday",
    "location":"Lokasi tidak tersedia",
    "sold_count_raw":"100+ terjual",
    "sold_count_clean":100.0,
    "product_url":"https:\/\/www.tokopedia.com\/makanan-1\/gula-merah-aren-asli-dari-air-nira-aren-1-kg-pemanis-alami-sugar-bahan-1731210274506966600?extParam=ivf%3Dfalse%26keyword%3Dgula+aren%26src%3Dsearch",
    "search_query":"gula aren",
    "weight_kg":1.0,
    "price_per_kg":30000.0,
    "0":"lain",
    "1":"umum"
  },
  {
    "_id":{
      "$oid":"684903437013c07662ad8b21"
    },
    "timestamp_scrape":"2025-06-11T11:06:57.475513",
    "ecommerce":"Tokopedia",
    "product_name":"Gula Aren Asli Medan \/ Gula Aren Sibolangit 1 Kg",
    "price_raw":"Rp34.000",
    "price_clean":34000.0,
    "shop_name":"Akung Wari Shop",
    "location":"Lokasi tidak tersedia",
    "sold_count_raw":"80+ terjual",
    "sold_count_clean":80.0,
    "product_url":"https:\/\/www.tokopedia.com\/akungwarishop\/gula-aren-asli-medan-gula-aren-sibolangit-1-kg?extParam=ivf%3Dfalse%26keyword%3Dgula+aren%26src%3Dsearch",
    "search_query":"gula aren",
    "weight_kg":1.0,
    "price_per_kg":34000.0,
    "0":"bubuk",
    "1":"umum"
  },
  {
    "_id":{
      "$oid":"684903437013c07662ad8b22"
    },
    "timestamp_scrape":"2025-06-11T11:06:58.082156",
    "ecommerce":"Tokopedia",
    "product_name":"1Kg Gula Aren\/Kawung Asli Bungkus Daun",
    "price_raw":"Rp30.000",
    "price_clean":30000.0,
    "shop_name":"Sionepiece",
    "location":"Lokasi tidak tersedia",
    "sold_count_raw":"70+ terjual",
    "sold_count_clean":70.0,
    "product_url":"https:\/\/www.tokopedia.com\/sionepiece\/1kg-gula-aren-kawung-asli-bungkus-daun?extParam=ivf%3Dfalse%26keyword%3Dgula+aren%26src%3Dsearch",
    "search_query":"gula aren",
    "weight_kg":1.0,
    "price_per_kg":30000.0,
    "0":"lain",
    "1":"umum"
  },
  {
    "_id":{
      "$oid":"684903437013c07662ad8b23"
    },
    "timestamp_scrape":"2025-06-11T11:06:58.686435",
    "ecommerce":"Tokopedia",
    "product_name":"Gula aren medan premium 500gram",
    "price_raw":"Rp40.000",
    "price_clean":40000.0,
    "shop_name":"Mimita choice",
    "location":"Lokasi tidak tersedia",
    "sold_count_raw":"750+ terjual",
    "sold_count_clean":750.0,
    "product_url":"https:\/\/www.tokopedia.com\/mimitachoice\/gula-aren-medan-premium-500gram?extParam=ivf%3Dfalse%26keyword%3Dgula+aren%26src%3Dsearch",
    "search_query":"gula aren",
    "weight_kg":0.5,
    "price_per_kg":80000.0,
    "0":"lain",
    "1":"umum"
  },
  {
    "_id":{
      "$oid":"684903437013c07662ad8b24"
    },
    "timestamp_scrape":"2025-06-11T11:06:59.284396",
    "ecommerce":"Tokopedia",
    "product_name":"Susu Kambing Etawa Etago dengan Herbal Daun Kelor Gula Aren Rasa Coklat 200g - Milk, Dairy",
    "price_raw":"Rp30.000",
    "price_clean":30000.0,
    "shop_name":"JHMS store",
    "location":"Lokasi tidak tersedia",
    "sold_count_raw":"250+ terjual",
    "sold_count_clean":250.0,
    "product_url":"https:\/\/www.tokopedia.com\/bekasi-olshop\/susu-kambing-etawa-plus-rempah-herbal-etago-200gram?extParam=ivf%3Dfalse%26keyword%3Dgula+aren%26src%3Dsearch",
    "search_query":"gula aren",
    "weight_kg":0.2,
    "price_per_kg":150000.0,
    "0":"cair",
    "1":"umum"
  },
  {
    "_id":{
      "$oid":"684903437013c07662ad8b25"
    },
    "timestamp_scrape":"2025-06-11T11:06:59.886519",
    "ecommerce":"Tokopedia",
    "product_name":"Organic Palm Sugar Coconut Gula Aren Bubuk Gula Semut Organik 500 gram",
    "price_raw":"Rp24.000",
    "price_clean":24000.0,
    "shop_name":"Healthypick.id",
    "location":"Lokasi tidak tersedia",
    "sold_count_raw":"100+ terjual",
    "sold_count_clean":100.0,
    "product_url":"https:\/\/www.tokopedia.com\/healthypickid\/organic-palm-sugar-coconut-gula-aren-bubuk-gula-semut-organik-500-gram?extParam=ivf%3Dfalse%26keyword%3Dgula+aren%26src%3Dsearch",
    "search_query":"gula aren",
    "weight_kg":0.5,
    "price_per_kg":48000.0,
    "0":"bubuk",
    "1":"organik"
  },
  {
    "_id":{
      "$oid":"684903437013c07662ad8b26"
    },
    "timestamp_scrape":"2025-06-11T11:07:00.490325",
    "ecommerce":"Tokopedia",
    "product_name":"TOP COFFE GULA AREN 15 PCS ( HARGA 1 RENCENG ) NETTO 22 Gram",
    "price_raw":"Rp19.999",
    "price_clean":19999.0,
    "shop_name":"Toko Adnad",
    "location":"Lokasi tidak tersedia",
    "sold_count_raw":"24 terjual",
    "sold_count_clean":24.0,
    "product_url":"https:\/\/www.tokopedia.com\/toko-adnad\/top-coffe-gula-aren-15-pcs-harga-1-renceng-netto-22-gram-1730825540224059139?extParam=ivf%3Dfalse%26keyword%3Dgula+aren%26src%3Dsearch",
    "search_query":"gula aren",
    "weight_kg":0.022,
    "price_per_kg":909045.4545454546,
    "0":"lain",
    "1":"umum"
  },
  {
    "_id":{
      "$oid":"684903437013c07662ad8b27"
    },
    "timestamp_scrape":"2025-06-11T11:07:01.097002",
    "ecommerce":"Tokopedia",
    "product_name":"gula aren",
    "price_raw":"Rp43.900",
    "price_clean":43900.0,
    "shop_name":"atwshop",
    "location":"Lokasi tidak tersedia",
    "sold_count_raw":"29 terjual",
    "sold_count_clean":29.0,
    "product_url":"https:\/\/www.tokopedia.com\/atwshop1308\/gula-aren-1-2-kg?extParam=ivf%3Dfalse%26keyword%3Dgula+aren%26src%3Dsearch",
    "search_query":"gula aren",
    "weight_kg":null,
    "price_per_kg":null,
    "0":"bubuk",
    "1":"organik"
  },
  {
    "_id":{
      "$oid":"684903437013c07662ad8b29"
    },
    "timestamp_scrape":"2025-06-11T11:07:25.754334",
    "ecommerce":"Tokopedia",
    "product_name":"FitoSweet Diet Stevia Nol Kalori 100% Natural Sweetener 5ml &10ml Tetes Pemanis Alami Pengganti Gula",
    "price_raw":"Rp99.000",
    "price_clean":99000.0,
    "shop_name":"Fitozlim Official Store",
    "location":"Lokasi tidak tersedia",
    "sold_count_raw":"19 terjual",
    "sold_count_clean":19.0,
    "product_url":"https:\/\/www.tokopedia.com\/fitozlim-official\/fitosweet-diet-stevia-nol-kalori-100-natural-sweetener-5ml-10ml-tetes-pemanis-alami-pengganti-gula-5ml-d103e?src=topads",
    "search_query":"gula aren",
    "weight_kg":0.005,
    "price_per_kg":19800000.0,
    "0":"cair",
    "1":"umum"
  },
  {
    "_id":{
      "$oid":"684903437013c07662ad8b2b"
    },
    "timestamp_scrape":"2025-06-11T11:07:26.965935",
    "ecommerce":"Tokopedia",
    "product_name":"Gulare Palm Sugar Syrup 1,3kg | Gula Aren Cair",
    "price_raw":"Rp68.000",
    "price_clean":68000.0,
    "shop_name":"Folium Coffee",
    "location":"Lokasi tidak tersedia",
    "sold_count_raw":"9 terjual",
    "sold_count_clean":9.0,
    "product_url":"https:\/\/www.tokopedia.com\/foliumcoffee\/gulare-palm-sugar-syrup-1-3kg-gula-aren-cair?extParam=ivf%3Dfalse%26keyword%3Dgula+aren%26src%3Dsearch",
    "search_query":"gula aren",
    "weight_kg":1.3,
    "price_per_kg":52307.6923076923,
    "0":"cair",
    "1":"organik"
  },
  {
    "_id":{
      "$oid":"684903437013c07662ad8b2c"
    },
    "timestamp_scrape":"2025-06-11T11:07:27.568267",
    "ecommerce":"Tokopedia",
    "product_name":"jahe merah ratu lebah plus madu dan gula aren  1 renceng isi 10 saset",
    "price_raw":"Rp8.000",
    "price_clean":8000.0,
    "shop_name":"jaya_amin01",
    "location":"Lokasi tidak tersedia",
    "sold_count_raw":"50+ terjual",
    "sold_count_clean":50.0,
    "product_url":"https:\/\/www.tokopedia.com\/jayaamin01\/jahe-merah-ratu-lebah-plus-madu-dan-gula-aren-1-renceng-isi-10-saset?extParam=ivf%3Dfalse%26keyword%3Dgula+aren%26src%3Dsearch",
    "search_query":"gula aren",
    "weight_kg":null,
    "price_per_kg":null,
    "0":"lain",
    "1":"umum"
  },
  {
    "_id":{
      "$oid":"684903437013c07662ad8b2d"
    },
    "timestamp_scrape":"2025-06-11T11:07:28.193304",
    "ecommerce":"Tokopedia",
    "product_name":"Green Bites Liquid Palm Sugar Gula Aren Cair 500 ml",
    "price_raw":"Rp28.000",
    "price_clean":28000.0,
    "shop_name":"GREEN BITES",
    "location":"Lokasi tidak tersedia",
    "sold_count_raw":"9 terjual",
    "sold_count_clean":9.0,
    "product_url":"https:\/\/www.tokopedia.com\/greenbites\/green-bites-liquid-palm-sugar-gula-aren-cair-500-ml?extParam=ivf%3Dfalse%26keyword%3Dgula+aren%26src%3Dsearch",
    "search_query":"gula aren",
    "weight_kg":0.5,
    "price_per_kg":56000.0,
    "0":"cair",
    "1":"umum"
  },
  {
    "_id":{
      "$oid":"684903437013c07662ad8b2e"
    },
    "timestamp_scrape":"2025-06-11T11:07:28.798869",
    "ecommerce":"Tokopedia",
    "product_name":"Kopi Susu Gula Aren \/ Brown sugar latte - 250ml",
    "price_raw":"Rp12.500",
    "price_clean":12500.0,
    "shop_name":"Fotokopi26",
    "location":"Lokasi tidak tersedia",
    "sold_count_raw":"50+ terjual",
    "sold_count_clean":50.0,
    "product_url":"https:\/\/www.tokopedia.com\/fotokopi26\/kopi-susu-gula-aren-brown-sugar-latte-250ml?extParam=ivf%3Dfalse%26keyword%3Dgula+aren%26src%3Dsearch",
    "search_query":"gula aren",
    "weight_kg":0.25,
    "price_per_kg":50000.0,
    "0":"bubuk",
    "1":"umum"
  },
  {
    "_id":{
      "$oid":"684903437013c07662ad8b2f"
    },
    "timestamp_scrape":"2025-06-11T11:07:29.408748",
    "ecommerce":"Tokopedia",
    "product_name":"Gula Aren Cap Kerbau",
    "price_raw":"Rp18.000",
    "price_clean":18000.0,
    "shop_name":"up_date import",
    "location":"Lokasi tidak tersedia",
    "sold_count_raw":"26 terjual",
    "sold_count_clean":26.0,
    "product_url":"https:\/\/www.tokopedia.com\/updateimport\/gula-aren-cap-kerbau?extParam=ivf%3Dfalse%26keyword%3Dgula+aren%26src%3Dsearch",
    "search_query":"gula aren",
    "weight_kg":null,
    "price_per_kg":null,
    "0":"lain",
    "1":"umum"
  },
  {
    "_id":{
      "$oid":"684903437013c07662ad8b30"
    },
    "timestamp_scrape":"2025-06-11T11:07:30.011334",
    "ecommerce":"Tokopedia",
    "product_name":"Es Kopi Susu Gula Aren 250ml",
    "price_raw":"Rp18.000",
    "price_clean":18000.0,
    "shop_name":"Renokoffie Roasters",
    "location":"Lokasi tidak tersedia",
    "sold_count_raw":"70+ terjual",
    "sold_count_clean":70.0,
    "product_url":"https:\/\/www.tokopedia.com\/renokoffie\/es-kopi-susu-gula-aren-250ml?extParam=ivf%3Dfalse%26keyword%3Dgula+aren%26src%3Dsearch",
    "search_query":"gula aren",
    "weight_kg":0.25,
    "price_per_kg":72000.0,
    "0":"lain",
    "1":"umum"
  },
  {
    "_id":{
      "$oid":"684903437013c07662ad8b31"
    },
    "timestamp_scrape":"2025-06-11T11:07:30.615806",
    "ecommerce":"Tokopedia",
    "product_name":"ITPIN 2.5kg Syrup Brown Sugar Kental | Gula Merah Aren Premium",
    "price_raw":"Rp110.000",
    "price_clean":110000.0,
    "shop_name":"eledrink",
    "location":"Lokasi tidak tersedia",
    "sold_count_raw":"250+ terjual",
    "sold_count_clean":250.0,
    "product_url":"https:\/\/www.tokopedia.com\/eledrink\/itpin-2-5kg-syrup-brown-sugar-kental-gula-merah-aren-premium-brosugar-kental-syrup2-5kg?extParam=ivf%3Dfalse%26keyword%3Dgula+aren%26src%3Dsearch",
    "search_query":"gula aren",
    "weight_kg":2.5,
    "price_per_kg":44000.0,
    "0":"lain",
    "1":"umum"
  },
  {
    "_id":{
      "$oid":"684903437013c07662ad8b32"
    },
    "timestamp_scrape":"2025-06-11T11:07:31.218431",
    "ecommerce":"Tokopedia",
    "product_name":"Gula Sari Aren Asli 500gram",
    "price_raw":"Rp21.000",
    "price_clean":21000.0,
    "shop_name":"Griya Manis Malabar",
    "location":"Lokasi tidak tersedia",
    "sold_count_raw":"250+ terjual",
    "sold_count_clean":250.0,
    "product_url":"https:\/\/www.tokopedia.com\/griyamanismalabar\/gula-sari-aren-asli-500gram?extParam=ivf%3Dfalse%26keyword%3Dgula+aren%26src%3Dsearch",
    "search_query":"gula aren",
    "weight_kg":0.5,
    "price_per_kg":42000.0,
    "0":"cair",
    "1":"umum"
  },
  {
    "_id":{
      "$oid":"684903437013c07662ad8b33"
    },
    "timestamp_scrape":"2025-06-11T11:07:31.823940",
    "ecommerce":"Tokopedia",
    "product_name":"Gula Aren Asli 500gr",
    "price_raw":"Rp18.040",
    "price_clean":18040.0,
    "shop_name":"Toko OMO",
    "location":"Lokasi tidak tersedia",
    "sold_count_raw":"70+ terjual",
    "sold_count_clean":70.0,
    "product_url":"https:\/\/www.tokopedia.com\/tokoomo19\/gula-aren-asli-500gr?extParam=ivf%3Dfalse%26keyword%3Dgula+aren%26src%3Dsearch",
    "search_query":"gula aren",
    "weight_kg":0.5,
    "price_per_kg":36080.0,
    "0":"cair",
    "1":"umum"
  },
  {
    "_id":{
      "$oid":"684903437013c07662ad8b34"
    },
    "timestamp_scrape":"2025-06-11T11:07:32.428648",
    "ecommerce":"Tokopedia",
    "product_name":"ETAFIT - 1 BOX - Solusi Asma & Pneumonia - Susu Kambing Etawa Bubuk Asli 100% Murni Original -  Bahan Herbal - Gula Aren - Jahe Merah - Dairy Milk - Kurma Arab - Susu Serbuk",
    "price_raw":"Rp90.000",
    "price_clean":90000.0,
    "shop_name":"Etafit",
    "location":"Lokasi tidak tersedia",
    "sold_count_raw":"50+ terjual",
    "sold_count_clean":50.0,
    "product_url":"https:\/\/www.tokopedia.com\/etafit-574\/etafit-1-box-solusi-asma-pneumonia-susu-kambing-etawa-bubuk-asli-100-murni-original-bahan-herbal-gula-aren-jahe-merah-dairy-milk-kurma-arab-susu-serbuk-1731423025523033284?extParam=ivf%3Dfalse%26keyword%3Dgula+aren%26src%3Dsearch",
    "search_query":"gula aren",
    "weight_kg":null,
    "price_per_kg":null,
    "0":"lain",
    "1":"umum"
  },
  {
    "_id":{
      "$oid":"684903437013c07662ad8b35"
    },
    "timestamp_scrape":"2025-06-11T11:07:33.062647",
    "ecommerce":"Tokopedia",
    "product_name":"Gula Aren Cair",
    "price_raw":"Rp58.000",
    "price_clean":58000.0,
    "shop_name":"Toko Hasil Karya84",
    "location":"Lokasi tidak tersedia",
    "sold_count_raw":"22 terjual",
    "sold_count_clean":22.0,
    "product_url":"https:\/\/www.tokopedia.com\/hasilkarya84\/gula-aren-cair?extParam=ivf%3Dfalse%26keyword%3Dgula+aren%26src%3Dsearch",
    "search_query":"gula aren",
    "weight_kg":null,
    "price_per_kg":null,
    "0":"cair",
    "1":"umum"
  },
  {
    "_id":{
      "$oid":"684903437013c07662ad8b38"
    },
    "timestamp_scrape":"2025-06-11T11:08:00.386075",
    "ecommerce":"Tokopedia",
    "product_name":"BANDREK JAHE MERAH GULA AREN BOGOR RIO ORIGINAL SEHAT",
    "price_raw":"Rp20.000",
    "price_clean":20000.0,
    "shop_name":"nbsskincare",
    "location":"Lokasi tidak tersedia",
    "sold_count_raw":"10 terjual",
    "sold_count_clean":10.0,
    "product_url":"https:\/\/www.tokopedia.com\/najaolshopp-177\/bandrek-jahe-merah-gula-aren-bogor-rio-original-sehat?extParam=ivf%3Dfalse%26keyword%3Dgula+aren%26src%3Dsearch",
    "search_query":"gula aren",
    "weight_kg":null,
    "price_per_kg":null,
    "0":"cair",
    "1":"umum"
  },
  {
    "_id":{
      "$oid":"684903437013c07662ad8b39"
    },
    "timestamp_scrape":"2025-06-11T11:08:00.999683",
    "ecommerce":"Tokopedia",
    "product_name":"Gulaaren cair verlin 1,3kg gula aren verlin 1liter brown sugar cair 1l",
    "price_raw":"Rp61.500",
    "price_clean":61500.0,
    "shop_name":"redgreen_NEW",
    "location":"Lokasi tidak tersedia",
    "sold_count_raw":"20 terjual",
    "sold_count_clean":20.0,
    "product_url":"https:\/\/www.tokopedia.com\/evelyn12\/gulaaren-cair-verlin-1-3kg-gula-aren-verlin-1liter-brown-sugar-cair-1l-1729582852993026797?extParam=ivf%3Dfalse%26keyword%3Dgula+aren%26src%3Dsearch",
    "search_query":"gula aren",
    "weight_kg":1.3,
    "price_per_kg":47307.6923076923,
    "0":"lain",
    "1":"umum"
  },
  {
    "_id":{
      "$oid":"684903437013c07662ad8b3b"
    },
    "timestamp_scrape":"2025-06-11T11:08:02.217814",
    "ecommerce":"Tokopedia",
    "product_name":"kopi gula aren sachet 23 gr",
    "price_raw":"Rp2.500",
    "price_clean":2500.0,
    "shop_name":"Maha daya",
    "location":"Lokasi tidak tersedia",
    "sold_count_raw":"3rb+ terjual",
    "sold_count_clean":3000.0,
    "product_url":"https:\/\/www.tokopedia.com\/maha-daya\/kopi-gula-aren-sachet-23-gr-manis-tanpa-dus-625aa?extParam=ivf%3Dfalse%26keyword%3Dgula+aren%26src%3Dsearch",
    "search_query":"gula aren",
    "weight_kg":0.023,
    "price_per_kg":108695.652173913,
    "0":"lain",
    "1":"umum"
  },
  {
    "_id":{
      "$oid":"684903437013c07662ad8b3c"
    },
    "timestamp_scrape":"2025-06-11T11:08:02.825817",
    "ecommerce":"Tokopedia",
    "product_name":"Gula Aren Batok Cap Kerbau 400 gr",
    "price_raw":"Rp17.288",
    "price_clean":17288.0,
    "shop_name":"Abg88Mart",
    "location":"Lokasi tidak tersedia",
    "sold_count_raw":"15 terjual",
    "sold_count_clean":15.0,
    "product_url":"https:\/\/www.tokopedia.com\/abg88mart\/gula-aren-batok-cap-kerbau-400-gr?extParam=ivf%3Dfalse%26keyword%3Dgula+aren%26src%3Dsearch",
    "search_query":"gula aren",
    "weight_kg":0.4,
    "price_per_kg":43220.0,
    "0":"lain",
    "1":"umum"
  },
  {
    "_id":{
      "$oid":"684903437013c07662ad8b3e"
    },
    "timestamp_scrape":"2025-06-11T11:08:04.046140",
    "ecommerce":"Tokopedia",
    "product_name":"GULA AREN BUBUK 500GR ASLI BUKAN CAIR | ES KOPI SUSU KEKINIAN 1KG 1 KG",
    "price_raw":"Rp22.500",
    "price_clean":22500.0,
    "shop_name":"Kranesia_NEW",
    "location":"Lokasi tidak tersedia",
    "sold_count_raw":"250+ terjual",
    "sold_count_clean":250.0,
    "product_url":"https:\/\/www.tokopedia.com\/kranesiaofficial\/gula-aren-bubuk-500gr-asli-bukan-cair-es-kopi-susu-kekinian-1kg-1-kg-1730991591322191618?extParam=ivf%3Dfalse%26keyword%3Dgula+aren%26src%3Dsearch",
    "search_query":"gula aren",
    "weight_kg":0.5,
    "price_per_kg":45000.0,
    "0":"cair",
    "1":"umum"
  },
  {
    "_id":{
      "$oid":"684903437013c07662ad8b3f"
    },
    "timestamp_scrape":"2025-06-11T11:08:04.654963",
    "ecommerce":"Tokopedia",
    "product_name":"gula aren semut organik 1kg",
    "price_raw":"Rp40.000",
    "price_clean":40000.0,
    "shop_name":"Agri Bumi Indonesia",
    "location":"Lokasi tidak tersedia",
    "sold_count_raw":"50+ terjual",
    "sold_count_clean":50.0,
    "product_url":"https:\/\/www.tokopedia.com\/agribumi\/gula-aren-semut-organik-1kg?extParam=ivf%3Dfalse%26keyword%3Dgula+aren%26src%3Dsearch",
    "search_query":"gula aren",
    "weight_kg":1.0,
    "price_per_kg":40000.0,
    "0":"bubuk",
    "1":"umum"
  },
  {
    "_id":{
      "$oid":"684903437013c07662ad8b40"
    },
    "timestamp_scrape":"2025-06-11T11:08:05.267024",
    "ecommerce":"Tokopedia",
    "product_name":"Labn Goat Susu Kambing Etawa Dengan Gula Aren Mirip Dengan Super Goat",
    "price_raw":"Rp50.000",
    "price_clean":50000.0,
    "shop_name":"Bibitparfumid",
    "location":"Lokasi tidak tersedia",
    "sold_count_raw":"100+ terjual",
    "sold_count_clean":100.0,
    "product_url":"https:\/\/www.tokopedia.com\/archive-bibitparfumid-1716250734\/labn-goat-susu-kambing-etawa-dengan-gula-aren-mirip-dengan-super-goat?extParam=ivf%3Dfalse%26keyword%3Dgula+aren%26src%3Dsearch",
    "search_query":"gula aren",
    "weight_kg":null,
    "price_per_kg":null,
    "0":"lain",
    "1":"umum"
  },
  {
    "_id":{
      "$oid":"684903437013c07662ad8b41"
    },
    "timestamp_scrape":"2025-06-11T11:08:05.872517",
    "ecommerce":"Tokopedia",
    "product_name":"Etago\/ Susu kambing etawa PREMIUM + HERBAL Dengan Gula Aren \/10 Sachet",
    "price_raw":"Rp19.900",
    "price_clean":19900.0,
    "shop_name":"Shinjiru_Olshop",
    "location":"Lokasi tidak tersedia",
    "sold_count_raw":"100+ terjual",
    "sold_count_clean":100.0,
    "product_url":"https:\/\/www.tokopedia.com\/shinjiruolshop\/etago-susu-kambing-etawa-premium-herbal-dengan-gula-aren-10-sachet?extParam=ivf%3Dfalse%26keyword%3Dgula+aren%26src%3Dsearch",
    "search_query":"gula aren",
    "weight_kg":null,
    "price_per_kg":null,
    "0":"lain",
    "1":"umum"
  },
  {
    "_id":{
      "$oid":"684903437013c07662ad8b42"
    },
    "timestamp_scrape":"2025-06-11T11:08:06.476585",
    "ecommerce":"Tokopedia",
    "product_name":"Gula Aren asli Alami kemasan 1 kg",
    "price_raw":"Rp21.150",
    "price_clean":21150.0,
    "shop_name":"D&T shop882003",
    "location":"Lokasi tidak tersedia",
    "sold_count_raw":"17 terjual",
    "sold_count_clean":17.0,
    "product_url":"https:\/\/www.tokopedia.com\/dt0808003\/gula-aren-asli-alami-kemasan-1-kg-1730987672342267121?extParam=ivf%3Dfalse%26keyword%3Dgula+aren%26src%3Dsearch",
    "search_query":"gula aren",
    "weight_kg":1.0,
    "price_per_kg":21150.0,
    "0":"lain",
    "1":"umum"
  },
  {
    "_id":{
      "$oid":"684903437013c07662ad8b43"
    },
    "timestamp_scrape":"2025-06-11T11:08:07.086948",
    "ecommerce":"Tokopedia",
    "product_name":"Gula aren asli cap pohon aren gula aren asli isi 10kg",
    "price_raw":"Rp190.000",
    "price_clean":190000.0,
    "shop_name":"toko sinar utama tanah abang",
    "location":"Lokasi tidak tersedia",
    "sold_count_raw":"1 terjual",
    "sold_count_clean":1.0,
    "product_url":"https:\/\/www.tokopedia.com\/tokosinarutamatanahabang\/gula-aren-asli-cap-pohon-aren-gula-aren-asli-isi-10kg?extParam=ivf%3Dfalse%26keyword%3Dgula+aren%26src%3Dsearch",
    "search_query":"gula aren",
    "weight_kg":10.0,
    "price_per_kg":19000.0,
    "0":"lain",
    "1":"umum"
  },
  {
    "_id":{
      "$oid":"684903437013c07662ad8b44"
    },
    "timestamp_scrape":"2025-06-11T11:08:07.698334",
    "ecommerce":"Tokopedia",
    "product_name":"Top kopi gula aren 12s",
    "price_raw":"Rp16.500",
    "price_clean":16500.0,
    "shop_name":"jco mart",
    "location":"Lokasi tidak tersedia",
    "sold_count_raw":"30+ terjual",
    "sold_count_clean":30.0,
    "product_url":"https:\/\/www.tokopedia.com\/jcomart\/top-kopi-gula-aren-12s?extParam=ivf%3Dfalse%26keyword%3Dgula+aren%26src%3Dsearch",
    "search_query":"gula aren",
    "weight_kg":null,
    "price_per_kg":null,
    "0":"cair",
    "1":"organik"
  },
  {
    "_id":{
      "$oid":"684903437013c07662ad8b48"
    },
    "timestamp_scrape":"2025-06-11T11:08:46.529330",
    "ecommerce":"Tokopedia",
    "product_name":"Es Cendol Gula Aren 1 Liter",
    "price_raw":"Rp89.000",
    "price_clean":89000.0,
    "shop_name":"Yoshinoya Official Store",
    "location":"Lokasi tidak tersedia",
    "sold_count_raw":"60+ terjual",
    "sold_count_clean":60.0,
    "product_url":"https:\/\/www.tokopedia.com\/yoshinoya\/es-cendol-gula-aren-1-liter?extParam=ivf%3Dfalse%26keyword%3Dgula+aren%26src%3Dsearch",
    "search_query":"gula aren",
    "weight_kg":1.0,
    "price_per_kg":89000.0,
    "0":"lain",
    "1":"umum"
  },
  {
    "_id":{
      "$oid":"684903437013c07662ad8b49"
    },
    "timestamp_scrape":"2025-06-11T11:08:47.143333",
    "ecommerce":"Tokopedia",
    "product_name":"[15 sachet] 1 Renceng Pikopi Gula Aren 20g Coffee Air Manis Susu Minuman Instan Kaleng kopi",
    "price_raw":"Rp19.550",
    "price_clean":19550.0,
    "shop_name":"Tasyaleshastore",
    "location":"Lokasi tidak tersedia",
    "sold_count_raw":"250+ terjual",
    "sold_count_clean":250.0,
    "product_url":"https:\/\/www.tokopedia.com\/tasyaleshastore\/15-sachet-1-renceng-pikopi-gula-aren-20g-coffee-air-manis-susu-minuman-instan-kaleng-kopi-1729614246551586650?extParam=ivf%3Dfalse%26keyword%3Dgula+aren%26src%3Dsearch",
    "search_query":"gula aren",
    "weight_kg":0.02,
    "price_per_kg":977500.0,
    "0":"lain",
    "1":"umum"
  },
  {
    "_id":{
      "$oid":"684903437013c07662ad8b4b"
    },
    "timestamp_scrape":"2025-06-11T11:08:48.355332",
    "ecommerce":"Tokopedia",
    "product_name":"Gula Aren Cair Organik Enau 100% murni nira Kemasan 5 Liter",
    "price_raw":"Rp238.000",
    "price_clean":238000.0,
    "shop_name":"Pondok Sari",
    "location":"Lokasi tidak tersedia",
    "sold_count_raw":"250+ terjual",
    "sold_count_clean":250.0,
    "product_url":"https:\/\/www.tokopedia.com\/pondok-sari\/gula-aren-cair-organik-enau-100-murni-nira-kemasan-5-liter?extParam=ivf%3Dfalse%26keyword%3Dgula+aren%26src%3Dsearch",
    "search_query":"gula aren",
    "weight_kg":5.0,
    "price_per_kg":47600.0,
    "0":"bubuk",
    "1":"umum"
  },
  {
    "_id":{
      "$oid":"684903437013c07662ad8b4c"
    },
    "timestamp_scrape":"2025-06-11T11:08:48.959667",
    "ecommerce":"Tokopedia",
    "product_name":"GULA AREN CAP KERBAU - 400 GRAM",
    "price_raw":"Rp19.500",
    "price_clean":19500.0,
    "shop_name":"annamustikashop",
    "location":"Lokasi tidak tersedia",
    "sold_count_raw":"17 terjual",
    "sold_count_clean":17.0,
    "product_url":"https:\/\/www.tokopedia.com\/annamustikashop\/gula-aren-cap-kerbau-400-gram?extParam=ivf%3Dfalse%26keyword%3Dgula+aren%26src%3Dsearch",
    "search_query":"gula aren",
    "weight_kg":0.4,
    "price_per_kg":48750.0,
    "0":"lain",
    "1":"umum"
  },
  {
    "_id":{
      "$oid":"684903437013c07662ad8b4e"
    },
    "timestamp_scrape":"2025-06-11T11:08:50.174346",
    "ecommerce":"Tokopedia",
    "product_name":"Labn Goat Rasa Gula Aren \/ Susu Labn Goat Susu Kambing Etawa Bubuk Dengan Gula Aren Asli",
    "price_raw":"Rp59.900",
    "price_clean":59900.0,
    "shop_name":"Sahabat.Hati",
    "location":"Lokasi tidak tersedia",
    "sold_count_raw":"250+ terjual",
    "sold_count_clean":250.0,
    "product_url":"https:\/\/www.tokopedia.com\/sahabathati\/labn-goat-susu-kambing-etawa-dengan-gula-aren-labn-super-labngoat-mix-gula-aren-01977?extParam=ivf%3Dfalse%26keyword%3Dgula+aren%26src%3Dsearch",
    "search_query":"gula aren",
    "weight_kg":null,
    "price_per_kg":null,
    "0":"lain",
    "1":"umum"
  },
  {
    "_id":{
      "$oid":"684903437013c07662ad8b4f"
    },
    "timestamp_scrape":"2025-06-11T11:08:50.779446",
    "ecommerce":"Tokopedia",
    "product_name":"TELOR GABUS WIJEN - STIK TELUR GABUS GULA AREN | OUI SNACK",
    "price_raw":"Rp34.999",
    "price_clean":34999.0,
    "shop_name":"Oui Snack",
    "location":"Lokasi tidak tersedia",
    "sold_count_raw":"250+ terjual",
    "sold_count_clean":250.0,
    "product_url":"https:\/\/www.tokopedia.com\/ouisnack\/telor-gabus-wijen-stik-telur-gabus-gula-aren-oui-snack?extParam=ivf%3Dfalse%26keyword%3Dgula+aren%26src%3Dsearch",
    "search_query":"gula aren",
    "weight_kg":null,
    "price_per_kg":null,
    "0":"lain",
    "1":"umum"
  },
  {
    "_id":{
      "$oid":"684903437013c07662ad8b50"
    },
    "timestamp_scrape":"2025-06-11T11:08:51.386645",
    "ecommerce":"Tokopedia",
    "product_name":"W'DANK LOKALATE KOPI GULA AREN 10X15GR",
    "price_raw":"Rp18.625",
    "price_clean":18625.0,
    "shop_name":"TIPTOP Online Store",
    "location":"Lokasi tidak tersedia",
    "sold_count_raw":"40+ terjual",
    "sold_count_clean":40.0,
    "product_url":"https:\/\/www.tokopedia.com\/tiptop\/w-dank-lokalate-kopi-gula-aren-10x15gr?extParam=ivf%3Dfalse%26keyword%3Dgula+aren%26src%3Dsearch%26whid%3D41581",
    "search_query":"gula aren",
    "weight_kg":0.015,
    "price_per_kg":1241666.6666666667,
    "0":"lain",
    "1":"umum"
  },
  {
    "_id":{
      "$oid":"684903437013c07662ad8b51"
    },
    "timestamp_scrape":"2025-06-11T11:08:51.988564",
    "ecommerce":"Tokopedia",
    "product_name":"Jahe merah SUPER plus gula aren secang habbatusaudah, jahe instan 1KG",
    "price_raw":"Rp56.000",
    "price_clean":56000.0,
    "shop_name":"salma life store",
    "location":"Lokasi tidak tersedia",
    "sold_count_raw":"250+ terjual",
    "sold_count_clean":250.0,
    "product_url":"https:\/\/www.tokopedia.com\/salmaonlinestore\/jahe-merah-super-plus-gula-aren-secang-habbatusaudah-jahe-instan-1kg?extParam=ivf%3Dfalse%26keyword%3Dgula+aren%26src%3Dsearch",
    "search_query":"gula aren",
    "weight_kg":1.0,
    "price_per_kg":56000.0,
    "0":"lain",
    "1":"umum"
  },
  {
    "_id":{
      "$oid":"684903437013c07662ad8b52"
    },
    "timestamp_scrape":"2025-06-11T11:08:52.605136",
    "ecommerce":"Tokopedia",
    "product_name":"top kopi gula aren renceng 15sachet",
    "price_raw":"Rp16.666",
    "price_clean":16666.0,
    "shop_name":"MM SHOP9",
    "location":"Lokasi tidak tersedia",
    "sold_count_raw":"100+ terjual",
    "sold_count_clean":100.0,
    "product_url":"https:\/\/www.tokopedia.com\/mmshop9\/top-kopi-gula-aren-renceng-15sachet?extParam=ivf%3Dfalse%26keyword%3Dgula+aren%26src%3Dsearch",
    "search_query":"gula aren",
    "weight_kg":null,
    "price_per_kg":null,
    "0":"lain",
    "1":"umum"
  },
  {
    "_id":{
      "$oid":"684903437013c07662ad8b53"
    },
    "timestamp_scrape":"2025-06-11T11:08:53.222101",
    "ecommerce":"Tokopedia",
    "product_name":"Gula Aren 1kg 100% Asli Kawung\/Nira GARANSI UANG KEMBALI",
    "price_raw":"Rp13.500",
    "price_clean":13500.0,
    "shop_name":"Hedya 49 Store",
    "location":"Lokasi tidak tersedia",
    "sold_count_raw":"60+ terjual",
    "sold_count_clean":60.0,
    "product_url":"https:\/\/www.tokopedia.com\/hedya49\/gula-aren-1kg-100-asli-kawung-nira-garansi-uang-kembali-1-2kg-bks-daun?extParam=ivf%3Dfalse%26keyword%3Dgula+aren%26src%3Dsearch",
    "search_query":"gula aren",
    "weight_kg":1.0,
    "price_per_kg":13500.0,
    "0":"bubuk",
    "1":"umum"
  },
  {
    "_id":{
      "$oid":"684903437013c07662ad8b54"
    },
    "timestamp_scrape":"2025-06-11T11:08:53.826871",
    "ecommerce":"Tokopedia",
    "product_name":"Gula Semut Aren Murni \/ Goolaka \/ 1kg \/ lgsg pabrik \/ kualitas super",
    "price_raw":"Rp43.000",
    "price_clean":43000.0,
    "shop_name":"Bakingmart Bandung",
    "location":"Lokasi tidak tersedia",
    "sold_count_raw":"1rb+ terjual",
    "sold_count_clean":1000.0,
    "product_url":"https:\/\/www.tokopedia.com\/bakingmartbdg\/gula-semut-aren-murni-goolaka-1kg-lgsg-pabrik-kualitas-super?extParam=ivf%3Dfalse%26keyword%3Dgula+aren%26src%3Dsearch",
    "search_query":"gula aren",
    "weight_kg":1.0,
    "price_per_kg":43000.0,
    "0":"lain",
    "1":"umum"
  },
  {
    "_id":{
      "$oid":"684903437013c07662ad8b57"
    },
    "timestamp_scrape":"2025-06-11T11:09:21.437394",
    "ecommerce":"Tokopedia",
    "product_name":"Natura Golden Gula Aren Cair Caramel 500ml",
    "price_raw":"Rp35.000",
    "price_clean":35000.0,
    "shop_name":"Arfa Suppliers",
    "location":"Lokasi tidak tersedia",
    "sold_count_raw":"30+ terjual",
    "sold_count_clean":30.0,
    "product_url":"https:\/\/www.tokopedia.com\/arfa-suppliers\/natura-gula-aren-cair-caramel-500ml?extParam=ivf%3Dfalse%26keyword%3Dgula+aren%26src%3Dsearch",
    "search_query":"gula aren",
    "weight_kg":0.5,
    "price_per_kg":70000.0,
    "0":"lain",
    "1":"umum"
  },
  {
    "_id":{
      "$oid":"684903437013c07662ad8b58"
    },
    "timestamp_scrape":"2025-06-11T11:09:22.041372",
    "ecommerce":"Tokopedia",
    "product_name":"Gula Aren Bubuk Semut 1 Kg \/ 1000 Gr Pouch Premium",
    "price_raw":"Rp52.500",
    "price_clean":52500.0,
    "shop_name":"Maharenga",
    "location":"Lokasi tidak tersedia",
    "sold_count_raw":"100+ terjual",
    "sold_count_clean":100.0,
    "product_url":"https:\/\/www.tokopedia.com\/maharenga\/gula-aren-bubuk-semut-1-kg-1000-gr-pouch-premium-1-kg-5ae63?extParam=ivf%3Dfalse%26keyword%3Dgula+aren%26src%3Dsearch",
    "search_query":"gula aren",
    "weight_kg":1.0,
    "price_per_kg":52500.0,
    "0":"lain",
    "1":"murni"
  },
  {
    "_id":{
      "$oid":"684903437013c07662ad8b59"
    },
    "timestamp_scrape":"2025-06-11T11:09:22.644915",
    "ecommerce":"Tokopedia",
    "product_name":"[1 Kg] Gula Aren Asli, Gula Aren Super, Gula Aren Murni Tanpa Campuran, Gula Kawung, Arenga Sugar Murni Asli Cianjur Selatan",
    "price_raw":"Rp30.900",
    "price_clean":30900.0,
    "shop_name":"Gula Aren Asli Cianjur Selatan",
    "location":"Lokasi tidak tersedia",
    "sold_count_raw":"1rb+ terjual",
    "sold_count_clean":1000.0,
    "product_url":"https:\/\/www.tokopedia.com\/gula-aren-asli-cianjur-selatan\/1-kg-gula-aren-asli-gula-aren-super-gula-aren-murni-tanpa-campuran-gula-kawung-arenga-sugar-murni-asli-cianjur-selatan-1729656066022016361?extParam=ivf%3Dfalse%26keyword%3Dgula+aren%26src%3Dsearch",
    "search_query":"gula aren",
    "weight_kg":1.0,
    "price_per_kg":30900.0,
    "0":"cair",
    "1":"umum"
  },
  {
    "_id":{
      "$oid":"684903437013c07662ad8b5a"
    },
    "timestamp_scrape":"2025-06-11T11:09:23.249049",
    "ecommerce":"Tokopedia",
    "product_name":"Hemat gula aren Pangandaran Ciamis \/ Gula Aren 100% Kekar",
    "price_raw":"Rp24.000",
    "price_clean":24000.0,
    "shop_name":"Petani Cibogeg",
    "location":"Lokasi tidak tersedia",
    "sold_count_raw":"100+ terjual",
    "sold_count_clean":100.0,
    "product_url":"https:\/\/www.tokopedia.com\/tisanz\/hemat-gula-aren-pangandaran-ciamis-gula-aren-100-kekar?extParam=ivf%3Dfalse%26keyword%3Dgula+aren%26src%3Dsearch",
    "search_query":"gula aren",
    "weight_kg":null,
    "price_per_kg":null,
    "0":"lain",
    "1":"umum"
  },
  {
    "_id":{
      "$oid":"684903437013c07662ad8b5b"
    },
    "timestamp_scrape":"2025-06-11T11:09:23.854048",
    "ecommerce":"Tokopedia",
    "product_name":"SIAPKIRIM Gula Aren Aceh Asli 100 % Dari Kutacane Aceh Tenggara ( 1 kg",
    "price_raw":"Rp120.000",
    "price_clean":120000.0,
    "shop_name":"sitisrirahayu",
    "location":"Lokasi tidak tersedia",
    "sold_count_raw":"2 terjual",
    "sold_count_clean":2.0,
    "product_url":"https:\/\/www.tokopedia.com\/sitisrirahayu\/siapkirim-gula-aren-aceh-asli-100-dari-kutacane-aceh-tenggara-1-kg?extParam=ivf%3Dfalse%26keyword%3Dgula+aren%26src%3Dsearch",
    "search_query":"gula aren",
    "weight_kg":1.0,
    "price_per_kg":120000.0,
    "0":"lain",
    "1":"umum"
  },
  {
    "_id":{
      "$oid":"684903437013c07662ad8b5c"
    },
    "timestamp_scrape":"2025-06-11T11:09:24.458440",
    "ecommerce":"Tokopedia",
    "product_name":"Permen Kelapa Gula Aren ( Bon Bon Aren Medan)",
    "price_raw":"Rp17.500",
    "price_clean":17500.0,
    "shop_name":"tokoBGK",
    "location":"Lokasi tidak tersedia",
    "sold_count_raw":"40+ terjual",
    "sold_count_clean":40.0,
    "product_url":"https:\/\/www.tokopedia.com\/bgk\/permen-kelapa-gula-aren-bon-bon-aren-medan-pl125g-a736f?extParam=ivf%3Dfalse%26keyword%3Dgula+aren%26src%3Dsearch",
    "search_query":"gula aren",
    "weight_kg":null,
    "price_per_kg":null,
    "0":"cair",
    "1":"umum"
  },
  {
    "_id":{
      "$oid":"684903437013c07662ad8b5d"
    },
    "timestamp_scrape":"2025-06-11T11:09:25.062039",
    "ecommerce":"Tokopedia",
    "product_name":"Gula Aren Cair \/ Sirup Gula Aren Cair Palmy 1kg",
    "price_raw":"Rp28.000",
    "price_clean":28000.0,
    "shop_name":"PANGAN DJAYA",
    "location":"Lokasi tidak tersedia",
    "sold_count_raw":"3 terjual",
    "sold_count_clean":3.0,
    "product_url":"https:\/\/www.tokopedia.com\/pangandjaya\/gula-aren-cair-sirup-gula-aren-cair-palmy-1kg?extParam=ivf%3Dfalse%26keyword%3Dgula+aren%26src%3Dsearch",
    "search_query":"gula aren",
    "weight_kg":1.0,
    "price_per_kg":28000.0,
    "0":"lain",
    "1":"umum"
  },
  {
    "_id":{
      "$oid":"684903437013c07662ad8b5e"
    },
    "timestamp_scrape":"2025-06-11T11:09:25.664171",
    "ecommerce":"Tokopedia",
    "product_name":"GULA AREN 1kg \/GULA AREN BUBUK GULA SEMUT PALM SUGAR BROWN SUGAR gula merah",
    "price_raw":"Rp45.000",
    "price_clean":45000.0,
    "shop_name":"Neo Mart_NEW",
    "location":"Lokasi tidak tersedia",
    "sold_count_raw":"1rb+ terjual",
    "sold_count_clean":1000.0,
    "product_url":"https:\/\/www.tokopedia.com\/neo-mart-360\/gula-aren-1kg-gula-aren-bubuk-gula-semut-palm-sugar-brown-sugar-gula-merah-1729677356135123475?extParam=ivf%3Dfalse%26keyword%3Dgula+aren%26src%3Dsearch",
    "search_query":"gula aren",
    "weight_kg":1.0,
    "price_per_kg":45000.0,
    "0":"lain",
    "1":"umum"
  },
  {
    "_id":{
      "$oid":"684903437013c07662ad8b5f"
    },
    "timestamp_scrape":"2025-06-11T11:09:26.270982",
    "ecommerce":"Tokopedia",
    "product_name":"[ SUPERGOAT ] SUPER GOAT SUSU KAMBING ETAWA DENGAN GULA AREN",
    "price_raw":"Rp60.000",
    "price_clean":60000.0,
    "shop_name":"Queensh",
    "location":"Lokasi tidak tersedia",
    "sold_count_raw":"250+ terjual",
    "sold_count_clean":250.0,
    "product_url":"https:\/\/www.tokopedia.com\/archive-queensh\/supergoat-super-goat-susu-kambing-etawa-dengan-gula-aren?extParam=ivf%3Dfalse%26keyword%3Dgula+aren%26src%3Dsearch",
    "search_query":"gula aren",
    "weight_kg":null,
    "price_per_kg":null,
    "0":"lain",
    "1":"umum"
  },
  {
    "_id":{
      "$oid":"684903437013c07662ad8b60"
    },
    "timestamp_scrape":"2025-06-11T11:09:26.879408",
    "ecommerce":"Tokopedia",
    "product_name":"Ratu Lebah Jahe Merah Plus Madu dan Gula Aren 2 Renceng [20 Sachet]",
    "price_raw":"Rp23.500",
    "price_clean":23500.0,
    "shop_name":"Ratu Lebah Official Shop",
    "location":"Lokasi tidak tersedia",
    "sold_count_raw":"50+ terjual",
    "sold_count_clean":50.0,
    "product_url":"https:\/\/www.tokopedia.com\/ratulebahofficial\/ratu-lebah-jahe-merah-plus-madu-dan-gula-aren-2-renceng-20-sachet?extParam=ivf%3Dfalse%26keyword%3Dgula+aren%26src%3Dsearch",
    "search_query":"gula aren",
    "weight_kg":null,
    "price_per_kg":null,
    "0":"lain",
    "1":"umum"
  },
  {
    "_id":{
      "$oid":"684903437013c07662ad8b61"
    },
    "timestamp_scrape":"2025-06-11T11:09:27.700931",
    "ecommerce":"Tokopedia",
    "product_name":"RICOMAN Dark Light Brown Sugar Gula Aren Bubuk RICOMAN 500gr 500 gr gram",
    "price_raw":"Rp38.500",
    "price_clean":38500.0,
    "shop_name":"Rumah Boga_NEW",
    "location":"Lokasi tidak tersedia",
    "sold_count_raw":"0 terjual",
    "sold_count_clean":0.0,
    "product_url":"https:\/\/www.tokopedia.com\/rumah-boga\/ricoman-dark-light-brown-sugar-gula-aren-bubuk-ricoman-500gr-500-gr-gram-1730824495992571614?extParam=ivf%3Dfalse%26keyword%3Dgula+aren%26src%3Dsearch",
    "search_query":"gula aren",
    "weight_kg":0.5,
    "price_per_kg":77000.0,
    "0":"bubuk",
    "1":"organik"
  },
  {
    "_id":{
      "$oid":"684903437013c07662ad8b64"
    },
    "timestamp_scrape":"2025-06-11T11:09:55.762671",
    "ecommerce":"Tokopedia",
    "product_name":"ITPIN QQ BROWN SUGAR JELLY \/ JELI GULA AREN",
    "price_raw":"Rp63.000",
    "price_clean":63000.0,
    "shop_name":"Blue Shop (BS)",
    "location":"Lokasi tidak tersedia",
    "sold_count_raw":"100+ terjual",
    "sold_count_clean":100.0,
    "product_url":"https:\/\/www.tokopedia.com\/-blueshop-\/itpin-qq-brown-sugar-jelly-jeli-gula-aren-kemasan-1-2kg-d152d?extParam=ivf%3Dfalse%26keyword%3Dgula+aren%26src%3Dsearch",
    "search_query":"gula aren",
    "weight_kg":null,
    "price_per_kg":null,
    "0":"lain",
    "1":"umum"
  },
  {
    "_id":{
      "$oid":"684903437013c07662ad8b65"
    },
    "timestamp_scrape":"2025-06-11T11:09:56.381293",
    "ecommerce":"Tokopedia",
    "product_name":"gula merah \/ gula jawa \/ gula aren 250 gram",
    "price_raw":"Rp8.000",
    "price_clean":8000.0,
    "shop_name":"Sayur Fresh Indonesia",
    "location":"Lokasi tidak tersedia",
    "sold_count_raw":"70+ terjual",
    "sold_count_clean":70.0,
    "product_url":"https:\/\/www.tokopedia.com\/sayurfreshindonesia\/gula-merah-gula-jawa-gula-aren-250-gram-500-g?extParam=ivf%3Dfalse%26keyword%3Dgula+aren%26src%3Dsearch",
    "search_query":"gula aren",
    "weight_kg":0.25,
    "price_per_kg":32000.0,
    "0":"bubuk",
    "1":"umum"
  },
  {
    "_id":{
      "$oid":"684903437013c07662ad8b67"
    },
    "timestamp_scrape":"2025-06-11T11:09:57.603972",
    "ecommerce":"Tokopedia",
    "product_name":"Dripp Sirup \/ Syrup - Palm Sugar Syrup 760 ml ( Gula Aren Cair )",
    "price_raw":"Rp111.000",
    "price_clean":111000.0,
    "shop_name":"Skandavian Shop",
    "location":"Lokasi tidak tersedia",
    "sold_count_raw":"250+ terjual",
    "sold_count_clean":250.0,
    "product_url":"https:\/\/www.tokopedia.com\/skandavianshop\/dripp-sirup-syrup-palm-sugar-syrup-760-ml-gula-aren-cair?extParam=ivf%3Dfalse%26keyword%3Dgula+aren%26src%3Dsearch",
    "search_query":"gula aren",
    "weight_kg":0.76,
    "price_per_kg":146052.6315789474,
    "0":"lain",
    "1":"umum"
  },
  {
    "_id":{
      "$oid":"684903437013c07662ad8b68"
    },
    "timestamp_scrape":"2025-06-11T11:09:58.205117",
    "ecommerce":"Tokopedia",
    "product_name":"BROWN SUGAR BUBUK \/ GULA AREN BUBUK \/ BUBUK GULA AREN ORGANIK 1KG",
    "price_raw":"Rp15.500",
    "price_clean":15500.0,
    "shop_name":"Pulvar-id",
    "location":"Lokasi tidak tersedia",
    "sold_count_raw":"22 terjual",
    "sold_count_clean":22.0,
    "product_url":"https:\/\/www.tokopedia.com\/pulvar\/brown-sugar-bubuk-gula-aren-bubuk-bubuk-gula-aren-organik-1kg-250gr-b66b1?extParam=ivf%3Dfalse%26keyword%3Dgula+aren%26src%3Dsearch",
    "search_query":"gula aren",
    "weight_kg":1.0,
    "price_per_kg":15500.0,
    "0":"lain",
    "1":"umum"
  },
  {
    "_id":{
      "$oid":"684903437013c07662ad8b6a"
    },
    "timestamp_scrape":"2025-06-11T11:09:59.415270",
    "ecommerce":"Tokopedia",
    "product_name":"BELI 2 GRATIS 1 - TOP Coffee Gula Aren Hitzz - 1 Renceng 10 + 5 Sachet",
    "price_raw":"Rp18.499",
    "price_clean":18499.0,
    "shop_name":"Toko Sembako AYOK",
    "location":"Lokasi tidak tersedia",
    "sold_count_raw":"3rb+ terjual",
    "sold_count_clean":3000.0,
    "product_url":"https:\/\/www.tokopedia.com\/tokoayok\/beli-2-gratis-1-top-coffee-gula-aren-hitzz-1-renceng-10-5-sachet?extParam=ivf%3Dfalse%26keyword%3Dgula+aren%26src%3Dsearch",
    "search_query":"gula aren",
    "weight_kg":0.002,
    "price_per_kg":9249500.0,
    "0":"lain",
    "1":"umum"
  },
  {
    "_id":{
      "$oid":"684903437013c07662ad8b6b"
    },
    "timestamp_scrape":"2025-06-11T11:10:00.028928",
    "ecommerce":"Tokopedia",
    "product_name":"GULA SEMUT AREN PALM SUGAR GULA PALM ORGANIK 1 KG",
    "price_raw":"Rp15.000",
    "price_clean":15000.0,
    "shop_name":"Kultur Jaringan Kopi",
    "location":"Lokasi tidak tersedia",
    "sold_count_raw":"100+ terjual",
    "sold_count_clean":100.0,
    "product_url":"https:\/\/www.tokopedia.com\/kultur-jaringan-kopi\/gula-semut-aren-palm-sugar-gula-palm-organik-1-kg-250-gram?extParam=ivf%3Dfalse%26keyword%3Dgula+aren%26src%3Dsearch",
    "search_query":"gula aren",
    "weight_kg":1.0,
    "price_per_kg":15000.0,
    "0":"lain",
    "1":"umum"
  },
  {
    "_id":{
      "$oid":"684903437013c07662ad8b6c"
    },
    "timestamp_scrape":"2025-06-11T11:10:00.634501",
    "ecommerce":"Tokopedia",
    "product_name":"Gula Palem Suiker Palm Suiker Brown Sugar Aren 10kg curah",
    "price_raw":"Rp250.000",
    "price_clean":250000.0,
    "shop_name":"J-mix",
    "location":"Lokasi tidak tersedia",
    "sold_count_raw":"80+ terjual",
    "sold_count_clean":80.0,
    "product_url":"https:\/\/www.tokopedia.com\/j-mix\/gula-palem-suiker-palm-suiker-brown-sugar-aren-10kg-curah?extParam=ivf%3Dfalse%26keyword%3Dgula+aren%26src%3Dsearch",
    "search_query":"gula aren",
    "weight_kg":10.0,
    "price_per_kg":25000.0,
    "0":"lain",
    "1":"umum"
  },
  {
    "_id":{
      "$oid":"684903437013c07662ad8b6d"
    },
    "timestamp_scrape":"2025-06-11T11:10:01.276850",
    "ecommerce":"Tokopedia",
    "product_name":"NeW Gula Aren Cair Asli \/ Goolaka \/ palm sugar 1liter \/ langsung pabrik",
    "price_raw":"Rp65.000",
    "price_clean":65000.0,
    "shop_name":"ANATSI WINKEL",
    "location":"Lokasi tidak tersedia",
    "sold_count_raw":"250+ terjual",
    "sold_count_clean":250.0,
    "product_url":"https:\/\/www.tokopedia.com\/anatsi-winkel\/new-gula-aren-cair-asli-goolaka-palm-sugar-1liter-langsung-pabrik-1730859208446084881?extParam=ivf%3Dfalse%26keyword%3Dgula+aren%26src%3Dsearch",
    "search_query":"gula aren",
    "weight_kg":1.0,
    "price_per_kg":65000.0,
    "0":"lain",
    "1":"umum"
  },
  {
    "_id":{
      "$oid":"684903437013c07662ad8b6e"
    },
    "timestamp_scrape":"2025-06-11T11:10:01.890576",
    "ecommerce":"Tokopedia",
    "product_name":"Gula Aren \/ Palm Sugar \/ Brown Sugar (100 gram) by Granology",
    "price_raw":"Rp6.700",
    "price_clean":6700.0,
    "shop_name":"Granology",
    "location":"Lokasi tidak tersedia",
    "sold_count_raw":"100+ terjual",
    "sold_count_clean":100.0,
    "product_url":"https:\/\/www.tokopedia.com\/granologystore\/gula-aren-palm-sugar-brown-sugar-100-gram-by-granology?extParam=ivf%3Dfalse%26keyword%3Dgula+aren%26src%3Dsearch",
    "search_query":"gula aren",
    "weight_kg":0.1,
    "price_per_kg":67000.0,
    "0":"bubuk",
    "1":"umum"
  },
  {
    "_id":{
      "$oid":"684903437013c07662ad8b6f"
    },
    "timestamp_scrape":"2025-06-11T11:10:02.491153",
    "ecommerce":"Tokopedia",
    "product_name":"GULA AREN CAIR 1000 ML ORGANIK PALM SUGAR Food Manis Syrup",
    "price_raw":"Rp55.000",
    "price_clean":55000.0,
    "shop_name":"depalma grocery_NEW",
    "location":"Lokasi tidak tersedia",
    "sold_count_raw":"1rb+ terjual",
    "sold_count_clean":1000.0,
    "product_url":"https:\/\/www.tokopedia.com\/depalma-grocery-623\/gula-aren-cair-1000-ml-organik-palm-sugar-food-manis-syrup-1730018386713216897?extParam=ivf%3Dfalse%26keyword%3Dgula+aren%26src%3Dsearch",
    "search_query":"gula aren",
    "weight_kg":1.0,
    "price_per_kg":55000.0,
    "0":"lain",
    "1":"umum"
  },
  {
    "_id":{
      "$oid":"684903437013c07662ad8b70"
    },
    "timestamp_scrape":"2025-06-11T11:10:03.102633",
    "ecommerce":"Tokopedia",
    "product_name":"Hania Realco Cappucino Kopi Kesehatan Dengan Gula Aren Dan Kolagen",
    "price_raw":"Rp120.000",
    "price_clean":120000.0,
    "shop_name":"Busana Store1",
    "location":"Lokasi tidak tersedia",
    "sold_count_raw":"1 terjual",
    "sold_count_clean":1.0,
    "product_url":"https:\/\/www.tokopedia.com\/busana-store1\/hania-realco-cappucino-kopi-kesehatan-dengan-gula-aren-dan-kolagen-20-pcs-86f0b?extParam=ivf%3Dfalse%26keyword%3Dgula+aren%26src%3Dsearch",
    "search_query":"gula aren",
    "weight_kg":null,
    "price_per_kg":null,
    "0":"bubuk",
    "1":"umum"
  },
  {
    "_id":{
      "$oid":"684903437013c07662ad8b74"
    },
    "timestamp_scrape":"2025-06-11T11:10:31.116285",
    "ecommerce":"Tokopedia",
    "product_name":"Liquid Palm Sugar Empat Pohon Aren\/Gula Aren Cair 1 Lt",
    "price_raw":"Rp55.000",
    "price_clean":55000.0,
    "shop_name":"Twenty.Store",
    "location":"Lokasi tidak tersedia",
    "sold_count_raw":"100+ terjual",
    "sold_count_clean":100.0,
    "product_url":"https:\/\/www.tokopedia.com\/twenty-store\/liquid-palm-sugar-empat-pohon-aren-gula-aren-cair-1-lt?extParam=ivf%3Dfalse%26keyword%3Dgula+aren%26src%3Dsearch",
    "search_query":"gula aren",
    "weight_kg":1.0,
    "price_per_kg":55000.0,
    "0":"bubuk",
    "1":"umum"
  },
  {
    "_id":{
      "$oid":"684903437013c07662ad8b75"
    },
    "timestamp_scrape":"2025-06-11T11:10:31.727815",
    "ecommerce":"Tokopedia",
    "product_name":"Susu Kambing Etawa Gula Aren H64 Goatmill Bubuk Asli Original",
    "price_raw":"Rp30.000",
    "price_clean":30000.0,
    "shop_name":"aerimarket",
    "location":"Lokasi tidak tersedia",
    "sold_count_raw":"2 terjual",
    "sold_count_clean":2.0,
    "product_url":"https:\/\/www.tokopedia.com\/aerimarket\/susu-kambing-etawa-gula-aren-h64-goatmill-bubuk-asli-original?extParam=ivf%3Dfalse%26keyword%3Dgula+aren%26src%3Dsearch",
    "search_query":"gula aren",
    "weight_kg":0.064,
    "price_per_kg":468750.0,
    "0":"lain",
    "1":"umum"
  },
  {
    "_id":{
      "$oid":"684903437013c07662ad8b77"
    },
    "timestamp_scrape":"2025-06-11T11:10:32.946369",
    "ecommerce":"Tokopedia",
    "product_name":"Gula Aren 1 kg Gula Aren asli",
    "price_raw":"Rp8.500",
    "price_clean":8500.0,
    "shop_name":"wilsafarm",
    "location":"Lokasi tidak tersedia",
    "sold_count_raw":"2 terjual",
    "sold_count_clean":2.0,
    "product_url":"https:\/\/www.tokopedia.com\/wilsafarm\/gula-aren-1-kg-gula-aren-asli-1-pcs-250gr?extParam=ivf%3Dfalse%26keyword%3Dgula+aren%26src%3Dsearch",
    "search_query":"gula aren",
    "weight_kg":1.0,
    "price_per_kg":8500.0,
    "0":"bubuk",
    "1":"organik"
  },
  {
    "_id":{
      "$oid":"684903437013c07662ad8b78"
    },
    "timestamp_scrape":"2025-06-11T11:10:33.553495",
    "ecommerce":"Tokopedia",
    "product_name":"top gula aren renceng 15 pcs",
    "price_raw":"Rp17.750",
    "price_clean":17750.0,
    "shop_name":"Warung sembako albaroqi",
    "location":"Lokasi tidak tersedia",
    "sold_count_raw":"22 terjual",
    "sold_count_clean":22.0,
    "product_url":"https:\/\/www.tokopedia.com\/warungsembakoalbaro\/top-gula-aren-renceng-15-pcs?extParam=ivf%3Dfalse%26keyword%3Dgula+aren%26src%3Dsearch",
    "search_query":"gula aren",
    "weight_kg":null,
    "price_per_kg":null,
    "0":"lain",
    "1":"umum"
  },
  {
    "_id":{
      "$oid":"684903437013c07662ad8b7a"
    },
    "timestamp_scrape":"2025-06-11T11:10:34.792646",
    "ecommerce":"Tokopedia",
    "product_name":"Top Coffee Gula Aren 1 Renceng isi 15 Sachet",
    "price_raw":"Rp16.600",
    "price_clean":16600.0,
    "shop_name":"Ambareta Shop",
    "location":"Lokasi tidak tersedia",
    "sold_count_raw":"40+ terjual",
    "sold_count_clean":40.0,
    "product_url":"https:\/\/www.tokopedia.com\/ambareta-shop\/top-coffee-gula-aren-1-renceng-isi-15-sachet-kopi-tubruk-cd175?extParam=ivf%3Dfalse%26keyword%3Dgula+aren%26src%3Dsearch",
    "search_query":"gula aren",
    "weight_kg":null,
    "price_per_kg":null,
    "0":"cair",
    "1":"umum"
  },
  {
    "_id":{
      "$oid":"684903437013c07662ad8b7b"
    },
    "timestamp_scrape":"2025-06-11T11:10:35.405652",
    "ecommerce":"Tokopedia",
    "product_name":"NATURA GOLDEN GULA AREN CAIR ORIGINAL 500ML CAMPURAN MINUMAN\/MAKANAN",
    "price_raw":"Rp30.500",
    "price_clean":30500.0,
    "shop_name":"Thalia toko bahan kue",
    "location":"Lokasi tidak tersedia",
    "sold_count_raw":"90+ terjual",
    "sold_count_clean":90.0,
    "product_url":"https:\/\/www.tokopedia.com\/thaliasupplier\/natura-golden-gula-aren-cair-original-500ml-campuran-minuman-makanan?extParam=ivf%3Dfalse%26keyword%3Dgula+aren%26src%3Dsearch",
    "search_query":"gula aren",
    "weight_kg":0.5,
    "price_per_kg":61000.0,
    "0":"bubuk",
    "1":"murni"
  },
  {
    "_id":{
      "$oid":"684903437013c07662ad8b7c"
    },
    "timestamp_scrape":"2025-06-11T11:10:36.019134",
    "ecommerce":"Tokopedia",
    "product_name":"Manise Gula Aren Cair 500 Ml (700 gram)",
    "price_raw":"Rp27.000",
    "price_clean":27000.0,
    "shop_name":"BREGAS10730",
    "location":"Lokasi tidak tersedia",
    "sold_count_raw":"30+ terjual",
    "sold_count_clean":30.0,
    "product_url":"https:\/\/www.tokopedia.com\/bregas10730\/manise-gula-aren-cair-500-ml-700-gram?extParam=ivf%3Dfalse%26keyword%3Dgula+aren%26src%3Dsearch",
    "search_query":"gula aren",
    "weight_kg":0.5,
    "price_per_kg":54000.0,
    "0":"bubuk",
    "1":"umum"
  },
  {
    "_id":{
      "$oid":"684903437013c07662ad8b7d"
    },
    "timestamp_scrape":"2025-06-11T11:10:36.633159",
    "ecommerce":"Tokopedia",
    "product_name":"Calsimond susu kacang almond gula aren 200gr sugar",
    "price_raw":"Rp20.000",
    "price_clean":20000.0,
    "shop_name":"Jksstore",
    "location":"Lokasi tidak tersedia",
    "sold_count_raw":"70+ terjual",
    "sold_count_clean":70.0,
    "product_url":"https:\/\/www.tokopedia.com\/jksstore-594\/calsimond-susu-kacang-almond-gula-aren-200gr-sugar-1730719930083345704?extParam=ivf%3Dfalse%26keyword%3Dgula+aren%26src%3Dsearch",
    "search_query":"gula aren",
    "weight_kg":0.2,
    "price_per_kg":100000.0,
    "0":"bubuk",
    "1":"umum"
  },
  {
    "_id":{
      "$oid":"684903437013c07662ad8b7e"
    },
    "timestamp_scrape":"2025-06-11T11:10:37.241566",
    "ecommerce":"Tokopedia",
    "product_name":"Gula Aren Cair Spesial Untuk Kopi - La Cassonade Gula Aren Premium |",
    "price_raw":"Rp75.000",
    "price_clean":75000.0,
    "shop_name":"zalfarasya66",
    "location":"Lokasi tidak tersedia",
    "sold_count_raw":"2 terjual",
    "sold_count_clean":2.0,
    "product_url":"https:\/\/www.tokopedia.com\/zalfarasya66\/gula-aren-cair-spesial-untuk-kopi-la-cassonade-gula-aren-premium?extParam=ivf%3Dfalse%26keyword%3Dgula+aren%26src%3Dsearch",
    "search_query":"gula aren",
    "weight_kg":null,
    "price_per_kg":null,
    "0":"bubuk",
    "1":"umum"
  },
  {
    "_id":{
      "$oid":"684903437013c07662ad8b7f"
    },
    "timestamp_scrape":"2025-06-11T11:10:37.854422",
    "ecommerce":"Tokopedia",
    "product_name":"Gula Aren Semut Alami 200 gram",
    "price_raw":"Rp15.000",
    "price_clean":15000.0,
    "shop_name":"Dismak",
    "location":"Lokasi tidak tersedia",
    "sold_count_raw":"250+ terjual",
    "sold_count_clean":250.0,
    "product_url":"https:\/\/www.tokopedia.com\/dismak\/gula-aren-semut-alami-200-gram?extParam=ivf%3Dfalse%26keyword%3Dgula+aren%26src%3Dsearch",
    "search_query":"gula aren",
    "weight_kg":0.2,
    "price_per_kg":75000.0,
    "0":"lain",
    "1":"umum"
  },
  {
    "_id":{
      "$oid":"684903437013c07662ad8b80"
    },
    "timestamp_scrape":"2025-06-11T11:10:38.469246",
    "ecommerce":"Tokopedia",
    "product_name":"Gentong Mas Original Minuman Herbal 100% Gula Aren Untuk Diabetes isi 10sachet",
    "price_raw":"Rp45.000",
    "price_clean":45000.0,
    "shop_name":"Herbal 65",
    "location":"Lokasi tidak tersedia",
    "sold_count_raw":"13 terjual",
    "sold_count_clean":13.0,
    "product_url":"https:\/\/www.tokopedia.com\/herbal65\/gentong-mas-original-minuman-herbal-100-gula-aren-untuk-diabetes-isi-10sachet?extParam=ivf%3Dfalse%26keyword%3Dgula+aren%26src%3Dsearch",
    "search_query":"gula aren",
    "weight_kg":null,
    "price_per_kg":null,
    "0":"lain",
    "1":"umum"
  },
  {
    "_id":{
      "$oid":"684903437013c07662ad8b84"
    },
    "timestamp_scrape":"2025-06-11T11:11:05.275265",
    "ecommerce":"Tokopedia",
    "product_name":"gula aren cair \/ hayurempah",
    "price_raw":"Rp25.000",
    "price_clean":25000.0,
    "shop_name":"hayurempah",
    "location":"Lokasi tidak tersedia",
    "sold_count_raw":"6 terjual",
    "sold_count_clean":6.0,
    "product_url":"https:\/\/www.tokopedia.com\/hayurempah\/gula-aren-cair-hayurempah?extParam=ivf%3Dfalse%26keyword%3Dgula+aren%26src%3Dsearch",
    "search_query":"gula aren",
    "weight_kg":null,
    "price_per_kg":null,
    "0":"lain",
    "1":"umum"
  },
  {
    "_id":{
      "$oid":"684903437013c07662ad8b85"
    },
    "timestamp_scrape":"2025-06-11T11:11:05.878895",
    "ecommerce":"Tokopedia",
    "product_name":"Palm Sugar Ricoman 400gr Gula Palem Aren Spesial READY",
    "price_raw":"Rp18.500",
    "price_clean":18500.0,
    "shop_name":"Suket Teki Groceries",
    "location":"Lokasi tidak tersedia",
    "sold_count_raw":"3rb+ terjual",
    "sold_count_clean":3000.0,
    "product_url":"https:\/\/www.tokopedia.com\/suket-teki\/palm-sugar-ricoman-400gr-gula-palem-aren-spesial-ready?extParam=ivf%3Dfalse%26keyword%3Dgula+aren%26src%3Dsearch",
    "search_query":"gula aren",
    "weight_kg":0.4,
    "price_per_kg":46250.0,
    "0":"lain",
    "1":"murni"
  },
  {
    "_id":{
      "$oid":"684903437013c07662ad8b86"
    },
    "timestamp_scrape":"2025-06-11T11:11:06.481319",
    "ecommerce":"Tokopedia",
    "product_name":"GULA AREN POUCH OPAL COFFEE",
    "price_raw":"Rp56.000",
    "price_clean":56000.0,
    "shop_name":"Opal Coffee Official Store",
    "location":"Lokasi tidak tersedia",
    "sold_count_raw":"100+ terjual",
    "sold_count_clean":100.0,
    "product_url":"https:\/\/www.tokopedia.com\/opalcoffeeofficialstore\/gula-aren-pouch-opal-coffee?extParam=ivf%3Dfalse%26keyword%3Dgula+aren%26src%3Dsearch",
    "search_query":"gula aren",
    "weight_kg":null,
    "price_per_kg":null,
    "0":"bubuk",
    "1":"umum"
  },
  {
    "_id":{
      "$oid":"684903437013c07662ad8b87"
    },
    "timestamp_scrape":"2025-06-11T11:11:07.089402",
    "ecommerce":"Tokopedia",
    "product_name":"Telor Gabus 250gr \/ Stik Telur Gabus WIjen Manis Gula Aren Merah",
    "price_raw":"Rp26.970",
    "price_clean":26970.0,
    "shop_name":"AHR Jaya Snack",
    "location":"Lokasi tidak tersedia",
    "sold_count_raw":"80+ terjual",
    "sold_count_clean":80.0,
    "product_url":"https:\/\/www.tokopedia.com\/ahrjayasnack\/telor-gabus-250gr-stik-telur-gabus-wijen-manis-gula-aren-merah?extParam=ivf%3Dfalse%26keyword%3Dgula+aren%26src%3Dsearch",
    "search_query":"gula aren",
    "weight_kg":0.25,
    "price_per_kg":107880.0,
    "0":"lain",
    "1":"umum"
  },
  {
    "_id":{
      "$oid":"684903437013c07662ad8b88"
    },
    "timestamp_scrape":"2025-06-11T11:11:07.698012",
    "ecommerce":"Tokopedia",
    "product_name":"Gula Aren Asli Medan \/ Gula Aren Sibolangit 500 GRAM",
    "price_raw":"Rp17.500",
    "price_clean":17500.0,
    "shop_name":"Akung Wari Shop",
    "location":"Lokasi tidak tersedia",
    "sold_count_raw":"5 terjual",
    "sold_count_clean":5.0,
    "product_url":"https:\/\/www.tokopedia.com\/akungwarishop\/gula-aren-asli-medan-gula-aren-sibolangit-500-gram-1731204348531476279?extParam=ivf%3Dfalse%26keyword%3Dgula+aren%26src%3Dsearch",
    "search_query":"gula aren",
    "weight_kg":0.5,
    "price_per_kg":35000.0,
    "0":"lain",
    "1":"umum"
  },
  {
    "_id":{
      "$oid":"684903437013c07662ad8b89"
    },
    "timestamp_scrape":"2025-06-11T11:11:08.303607",
    "ecommerce":"Tokopedia",
    "product_name":"Sidore Silkys Pudding Duo 260gr isi 10pcs\/pack Rasa Buah Stroberi Blueberry Mangga Silky Puding 2 Lapis Dengan Rasa Gula Aren",
    "price_raw":"Rp4.950",
    "price_clean":4950.0,
    "shop_name":"Temanbayiku",
    "location":"Lokasi tidak tersedia",
    "sold_count_raw":"100+ terjual",
    "sold_count_clean":100.0,
    "product_url":"https:\/\/www.tokopedia.com\/temanbayiku\/sidore-silkys-pudding-duo-260gr-isi-10pcs-pack-rasa-buah-stroberi-blueberry-mangga-silky-puding-2-lapis-dengan-rasa-gula-aren-1730795390135535211?extParam=ivf%3Dfalse%26keyword%3Dgula+aren%26src%3Dsearch",
    "search_query":"gula aren",
    "weight_kg":0.26,
    "price_per_kg":19038.4615384615,
    "0":"lain",
    "1":"umum"
  },
  {
    "_id":{
      "$oid":"684903437013c07662ad8b8a"
    },
    "timestamp_scrape":"2025-06-11T11:11:08.906435",
    "ecommerce":"Tokopedia",
    "product_name":"gula aren cair 1 liter gulare premium 1,3 kg \/ gula merah brown sugar",
    "price_raw":"Rp12.500",
    "price_clean":12500.0,
    "shop_name":"Moriko Mise",
    "location":"Lokasi tidak tersedia",
    "sold_count_raw":"18 terjual",
    "sold_count_clean":18.0,
    "product_url":"https:\/\/www.tokopedia.com\/morikomise\/gula-aren-cair-1-liter-gulare-premium-1-3-kg-gula-merah-brown-sugar-pasta-kental?extParam=ivf%3Dfalse%26keyword%3Dgula+aren%26src%3Dsearch",
    "search_query":"gula aren",
    "weight_kg":1.0,
    "price_per_kg":12500.0,
    "0":"lain",
    "1":"umum"
  },
  {
    "_id":{
      "$oid":"684903437013c07662ad8b8b"
    },
    "timestamp_scrape":"2025-06-11T11:11:09.506905",
    "ecommerce":"Tokopedia",
    "product_name":"Gula semut Aren",
    "price_raw":"Rp14.999",
    "price_clean":14999.0,
    "shop_name":"Sesilian Plastik",
    "location":"Lokasi tidak tersedia",
    "sold_count_raw":"1 terjual",
    "sold_count_clean":1.0,
    "product_url":"https:\/\/www.tokopedia.com\/sesilian4\/gula-semut-aren?extParam=ivf%3Dfalse%26keyword%3Dgula+aren%26src%3Dsearch",
    "search_query":"gula aren",
    "weight_kg":null,
    "price_per_kg":null,
    "0":"lain",
    "1":"umum"
  },
  {
    "_id":{
      "$oid":"684903437013c07662ad8b8c"
    },
    "timestamp_scrape":"2025-06-11T11:11:10.110174",
    "ecommerce":"Tokopedia",
    "product_name":"BOLU JADOEL GULA AREN ISI 5 PCS",
    "price_raw":"Rp35.000",
    "price_clean":35000.0,
    "shop_name":"SAYAJO",
    "location":"Lokasi tidak tersedia",
    "sold_count_raw":"8 terjual",
    "sold_count_clean":8.0,
    "product_url":"https:\/\/www.tokopedia.com\/sayajo\/bolu-jadoel-gula-aren-isi-5-pcs?extParam=ivf%3Dfalse%26keyword%3Dgula+aren%26src%3Dsearch",
    "search_query":"gula aren",
    "weight_kg":null,
    "price_per_kg":null,
    "0":"bubuk",
    "1":"umum"
  },
  {
    "_id":{
      "$oid":"684903437013c07662ad8b8d"
    },
    "timestamp_scrape":"2025-06-11T11:11:10.715844",
    "ecommerce":"Tokopedia",
    "product_name":"Gula Aren \/ Palm Sugar \/ Brown Sugar (500 gram)",
    "price_raw":"Rp18.500",
    "price_clean":18500.0,
    "shop_name":"Granology",
    "location":"Lokasi tidak tersedia",
    "sold_count_raw":"10 terjual",
    "sold_count_clean":10.0,
    "product_url":"https:\/\/www.tokopedia.com\/granologystore\/gula-aren-palm-sugar-brown-sugar-500-gram-1729583392557140527?extParam=ivf%3Dfalse%26keyword%3Dgula+aren%26src%3Dsearch",
    "search_query":"gula aren",
    "weight_kg":0.5,
    "price_per_kg":37000.0,
    "0":"lain",
    "1":"umum"
  },
  {
    "_id":{
      "$oid":"684903437013c07662ad8b8e"
    },
    "timestamp_scrape":"2025-06-11T11:11:11.323055",
    "ecommerce":"Tokopedia",
    "product_name":"Rengginang Manis Rasa Gula Aren Mentah 1\/2 Kg",
    "price_raw":"Rp35.000",
    "price_clean":35000.0,
    "shop_name":"Mr Twins",
    "location":"Lokasi tidak tersedia",
    "sold_count_raw":"2 terjual",
    "sold_count_clean":2.0,
    "product_url":"https:\/\/www.tokopedia.com\/mrtwins\/rengginang-manis-rasa-gula-aren-mentah-1-2-kg?extParam=ivf%3Dfalse%26keyword%3Dgula+aren%26src%3Dsearch",
    "search_query":"gula aren",
    "weight_kg":2.0,
    "price_per_kg":17500.0,
    "0":"bubuk",
    "1":"umum"
  },
  {
    "_id":{
      "$oid":"684903437013c07662ad8b91"
    },
    "timestamp_scrape":"2025-06-11T11:11:46.592449",
    "ecommerce":"Tokopedia",
    "product_name":"Jahe Merah Super Ratu Lebah plus Madu dan Gula Aren isi 12 sachet",
    "price_raw":"Rp11.000",
    "price_clean":11000.0,
    "shop_name":"Hikmah hikmah herbal",
    "location":"Lokasi tidak tersedia",
    "sold_count_raw":"100+ terjual",
    "sold_count_clean":100.0,
    "product_url":"https:\/\/www.tokopedia.com\/hikmaherbal\/jahe-merah-super-ratu-lebah-plus-madu-dan-gula-aren-isi-12-sachet?extParam=ivf%3Dfalse%26keyword%3Dgula+aren%26src%3Dsearch",
    "search_query":"gula aren",
    "weight_kg":null,
    "price_per_kg":null,
    "0":"lain",
    "1":"umum"
  },
  {
    "_id":{
      "$oid":"684903437013c07662ad8b92"
    },
    "timestamp_scrape":"2025-06-11T11:11:47.197900",
    "ecommerce":"Tokopedia",
    "product_name":"GULA AREN CAIR 300G MURNI ASLI 100% PREMIUM ORGANIK LIQUID PALM SUGAR ORGANIK CAIR UNTUK KOPI NUTRIFARM \/ BEORGANIK \/ DARI BUMI \/ SAFIYA \/ GALLEO",
    "price_raw":"Rp34.200",
    "price_clean":34200.0,
    "shop_name":"Naturlife Store",
    "location":"Lokasi tidak tersedia",
    "sold_count_raw":"4 terjual",
    "sold_count_clean":4.0,
    "product_url":"https:\/\/www.tokopedia.com\/naturlife-store\/gula-aren-cair-300g-murni-asli-100-premium-organik-liquid-palm-sugar-organik-cair-untuk-kopi-nutrifarm-beorganik-dari-bumi-safiya-galleo-1729637252847076544?extParam=ivf%3Dfalse%26keyword%3Dgula+aren%26src%3Dsearch",
    "search_query":"gula aren",
    "weight_kg":0.3,
    "price_per_kg":114000.0,
    "0":"lain",
    "1":"umum"
  },
  {
    "_id":{
      "$oid":"684903437013c07662ad8b94"
    },
    "timestamp_scrape":"2025-06-11T11:11:48.404793",
    "ecommerce":"Tokopedia",
    "product_name":"Pikopi gula aren  isi 15 sachet",
    "price_raw":"Rp18.900",
    "price_clean":18900.0,
    "shop_name":"SB 99",
    "location":"Lokasi tidak tersedia",
    "sold_count_raw":"100+ terjual",
    "sold_count_clean":100.0,
    "product_url":"https:\/\/www.tokopedia.com\/sb99\/pikopi-gula-aren-15-sachet-x-22g?extParam=ivf%3Dfalse%26keyword%3Dgula+aren%26src%3Dsearch",
    "search_query":"gula aren",
    "weight_kg":null,
    "price_per_kg":null,
    "0":"lain",
    "1":"umum"
  },
  {
    "_id":{
      "$oid":"684903437013c07662ad8b95"
    },
    "timestamp_scrape":"2025-06-11T11:11:49.009381",
    "ecommerce":"Tokopedia",
    "product_name":"Gula Aren Asli Lebak Banten - Ukuran Standar",
    "price_raw":"Rp12.000",
    "price_clean":12000.0,
    "shop_name":"Lapak Cuko Tangerang",
    "location":"Lokasi tidak tersedia",
    "sold_count_raw":"100+ terjual",
    "sold_count_clean":100.0,
    "product_url":"https:\/\/www.tokopedia.com\/lcuko\/gula-aren-asli-berat-standar-grade-a-lebak-banten-berat-330-380gr?extParam=ivf%3Dfalse%26keyword%3Dgula+aren%26src%3Dsearch",
    "search_query":"gula aren",
    "weight_kg":null,
    "price_per_kg":null,
    "0":"lain",
    "1":"umum"
  },
  {
    "_id":{
      "$oid":"684903437013c07662ad8b97"
    },
    "timestamp_scrape":"2025-06-11T11:11:50.217375",
    "ecommerce":"Tokopedia",
    "product_name":"GULA AREN BUBUK MURNI 1 KG \/ PURE PALM SUGAR PREMIUM LANGSUNG PABRIK",
    "price_raw":"Rp45.000",
    "price_clean":45000.0,
    "shop_name":"Bu Tjitro DKI Jakarta",
    "location":"Lokasi tidak tersedia",
    "sold_count_raw":"27 terjual",
    "sold_count_clean":27.0,
    "product_url":"https:\/\/www.tokopedia.com\/gudegkalengdki\/gula-aren-bubuk-murni-1-kg-pure-palm-sugar-premium-langsung-pabrik-750-gram-5dd5f?extParam=ivf%3Dfalse%26keyword%3Dgula+aren%26src%3Dsearch",
    "search_query":"gula aren",
    "weight_kg":1.0,
    "price_per_kg":45000.0,
    "0":"lain",
    "1":"umum"
  },
  {
    "_id":{
      "$oid":"684903437013c07662ad8b98"
    },
    "timestamp_scrape":"2025-06-11T11:11:50.819177",
    "ecommerce":"Tokopedia",
    "product_name":"Gula aren\/merah bambu Asli",
    "price_raw":"Rp45.000",
    "price_clean":45000.0,
    "shop_name":"JLimishop",
    "location":"Lokasi tidak tersedia",
    "sold_count_raw":"40+ terjual",
    "sold_count_clean":40.0,
    "product_url":"https:\/\/www.tokopedia.com\/jlimishop\/gula-aren-merah-bambu-asli?extParam=ivf%3Dfalse%26keyword%3Dgula+aren%26src%3Dsearch",
    "search_query":"gula aren",
    "weight_kg":null,
    "price_per_kg":null,
    "0":"cair",
    "1":"umum"
  },
  {
    "_id":{
      "$oid":"684903437013c07662ad8b99"
    },
    "timestamp_scrape":"2025-06-11T11:11:51.418439",
    "ecommerce":"Tokopedia",
    "product_name":"Gula Aren Asli 1 kg",
    "price_raw":"Rp55.000",
    "price_clean":55000.0,
    "shop_name":"Andaliman Raya",
    "location":"Lokasi tidak tersedia",
    "sold_count_raw":"80+ terjual",
    "sold_count_clean":80.0,
    "product_url":"https:\/\/www.tokopedia.com\/andalimanraya\/gula-aren-asli-1-kg?extParam=ivf%3Dfalse%26keyword%3Dgula+aren%26src%3Dsearch",
    "search_query":"gula aren",
    "weight_kg":1.0,
    "price_per_kg":55000.0,
    "0":"lain",
    "1":"murni"
  },
  {
    "_id":{
      "$oid":"684903437013c07662ad8b9a"
    },
    "timestamp_scrape":"2025-06-11T11:11:52.023904",
    "ecommerce":"Tokopedia",
    "product_name":"Gula merah\/gula aren asli\/gula medan",
    "price_raw":"Rp33.000",
    "price_clean":33000.0,
    "shop_name":"Bumbu_Pak_Ginting",
    "location":"Lokasi tidak tersedia",
    "sold_count_raw":"22 terjual",
    "sold_count_clean":22.0,
    "product_url":"https:\/\/www.tokopedia.com\/bumbupakginting\/gula-merah-gula-aren-asli-gula-medan-500-gr?extParam=ivf%3Dfalse%26keyword%3Dgula+aren%26src%3Dsearch",
    "search_query":"gula aren",
    "weight_kg":null,
    "price_per_kg":null,
    "0":"bubuk",
    "1":"umum"
  },
  {
    "_id":{
      "$oid":"684903437013c07662ad8b9b"
    },
    "timestamp_scrape":"2025-06-11T11:11:52.627827",
    "ecommerce":"Tokopedia",
    "product_name":"Gula Aren Semut \/ Gula Aren Bubuk Alka Sari 400gr Kemasan Premium Jar \/ Toples",
    "price_raw":"Rp27.500",
    "price_clean":27500.0,
    "shop_name":"Alka Sari",
    "location":"Lokasi tidak tersedia",
    "sold_count_raw":"100+ terjual",
    "sold_count_clean":100.0,
    "product_url":"https:\/\/www.tokopedia.com\/alka-sari\/gula-aren-semut-bubuk-alka-sari-400gr-kemasan-premium-toples-jar?extParam=ivf%3Dfalse%26keyword%3Dgula+aren%26src%3Dsearch",
    "search_query":"gula aren",
    "weight_kg":0.4,
    "price_per_kg":68750.0,
    "0":"lain",
    "1":"umum"
  },
  {
    "_id":{
      "$oid":"684903437013c07662ad8b9c"
    },
    "timestamp_scrape":"2025-06-11T11:11:53.229006",
    "ecommerce":"Tokopedia",
    "product_name":"TOP KOPI GULA AREN RENTENG 10 PCS Bonus 5 PCS",
    "price_raw":"Rp18.500",
    "price_clean":18500.0,
    "shop_name":"LAHANJAYA",
    "location":"Lokasi tidak tersedia",
    "sold_count_raw":"500+ terjual",
    "sold_count_clean":500.0,
    "product_url":"https:\/\/www.tokopedia.com\/lahanjaya\/top-kopi-gula-aren-renteng-10-pcs-bonus-5-pcs?extParam=ivf%3Dfalse%26keyword%3Dgula+aren%26src%3Dsearch",
    "search_query":"gula aren",
    "weight_kg":null,
    "price_per_kg":null,
    "0":"cair",
    "1":"umum"
  },
  {
    "_id":{
      "$oid":"684903437013c07662ad8b9d"
    },
    "timestamp_scrape":"2025-06-11T11:11:53.833185",
    "ecommerce":"Tokopedia",
    "product_name":"Gula Aren Merah Cair PREMIUM KARTON isi 10 OJOL ONLY",
    "price_raw":"Rp286.000",
    "price_clean":286000.0,
    "shop_name":"Rinz Coklat",
    "location":"Lokasi tidak tersedia",
    "sold_count_raw":"15 terjual",
    "sold_count_clean":15.0,
    "product_url":"https:\/\/www.tokopedia.com\/rinzcoklat\/gula-aren-merah-cair-premium-karton-isi-10-ojol-only?extParam=ivf%3Dfalse%26keyword%3Dgula+aren%26src%3Dsearch",
    "search_query":"gula aren",
    "weight_kg":null,
    "price_per_kg":null,
    "0":"lain",
    "1":"murni"
  },
  {
    "_id":{
      "$oid":"684903437013c07662ad8ba1"
    },
    "timestamp_scrape":"2025-06-11T11:12:21.498440",
    "ecommerce":"Tokopedia",
    "product_name":"Gula Merah Aren \/ Gula Jawa 500 Gram - Wfbogor",
    "price_raw":"Rp16.000",
    "price_clean":16000.0,
    "shop_name":"Almairastore2",
    "location":"Lokasi tidak tersedia",
    "sold_count_raw":"100+ terjual",
    "sold_count_clean":100.0,
    "product_url":"https:\/\/www.tokopedia.com\/almairastore2\/gula-merah-aren-gula-jawa-500-gram-wfbogor?extParam=ivf%3Dfalse%26keyword%3Dgula+aren%26src%3Dsearch",
    "search_query":"gula aren",
    "weight_kg":0.5,
    "price_per_kg":32000.0,
    "0":"lain",
    "1":"umum"
  },
  {
    "_id":{
      "$oid":"684903437013c07662ad8ba2"
    },
    "timestamp_scrape":"2025-06-11T11:12:22.100567",
    "ecommerce":"Tokopedia",
    "product_name":"1 Karton Top Coffee Gula Aren Hitz (180sachet)",
    "price_raw":"Rp229.000",
    "price_clean":229000.0,
    "shop_name":"Azof.id",
    "location":"Lokasi tidak tersedia",
    "sold_count_raw":"250+ terjual",
    "sold_count_clean":250.0,
    "product_url":"https:\/\/www.tokopedia.com\/azofid-253\/1-karton-top-coffee-gula-aren-hitz-180sachet-1729703092308117764?extParam=ivf%3Dfalse%26keyword%3Dgula+aren%26src%3Dsearch",
    "search_query":"gula aren",
    "weight_kg":null,
    "price_per_kg":null,
    "0":"cair",
    "1":"umum"
  },
  {
    "_id":{
      "$oid":"684903437013c07662ad8ba4"
    },
    "timestamp_scrape":"2025-06-11T11:12:23.312694",
    "ecommerce":"Tokopedia",
    "product_name":"Gula Aren Aslo Gula Kawung Asli Gula Merah Balegede Cianjur 1kg",
    "price_raw":"Rp26.000",
    "price_clean":26000.0,
    "shop_name":"mitra kitchenn",
    "location":"Lokasi tidak tersedia",
    "sold_count_raw":"3rb+ terjual",
    "sold_count_clean":3000.0,
    "product_url":"https:\/\/www.tokopedia.com\/mitrakitchenn\/gula-aren-aslo-gula-kawung-asli-gula-merah-balegede-cianjur-1kg-pakai-bungkus-113a?extParam=ivf%3Dfalse%26keyword%3Dgula+aren%26src%3Dsearch",
    "search_query":"gula aren",
    "weight_kg":1.0,
    "price_per_kg":26000.0,
    "0":"lain",
    "1":"umum"
  },
  {
    "_id":{
      "$oid":"684903437013c07662ad8ba5"
    },
    "timestamp_scrape":"2025-06-11T11:12:23.914252",
    "ecommerce":"Tokopedia",
    "product_name":"Pikopi Gula Aren 1 renceng",
    "price_raw":"Rp20.300",
    "price_clean":20300.0,
    "shop_name":"Danish Mart",
    "location":"Lokasi tidak tersedia",
    "sold_count_raw":"30+ terjual",
    "sold_count_clean":30.0,
    "product_url":"https:\/\/www.tokopedia.com\/pentagondigital\/pikopi-gula-aren-1-renceng?extParam=ivf%3Dfalse%26keyword%3Dgula+aren%26src%3Dsearch",
    "search_query":"gula aren",
    "weight_kg":null,
    "price_per_kg":null,
    "0":"bubuk",
    "1":"umum"
  },
  {
    "_id":{
      "$oid":"684903437013c07662ad8ba7"
    },
    "timestamp_scrape":"2025-06-11T11:12:25.116798",
    "ecommerce":"Tokopedia",
    "product_name":"Labn Goat Rasa Gula aren \/ Susu Labn Goat Susu Kambing Etawa Dengan Gula Aren Rasa Sama Super Goat",
    "price_raw":"Rp75.000",
    "price_clean":75000.0,
    "shop_name":"MUSLIM EDUKASI",
    "location":"Lokasi tidak tersedia",
    "sold_count_raw":"3 terjual",
    "sold_count_clean":3.0,
    "product_url":"https:\/\/www.tokopedia.com\/muslim-edukasi\/labn-goat-rasa-gula-aren-susu-labn-goat-susu-kambing-etawa-dengan-gula-aren-rasa-sama-super-goat-1729700591217117991?extParam=ivf%3Dfalse%26keyword%3Dgula+aren%26src%3Dsearch",
    "search_query":"gula aren",
    "weight_kg":null,
    "price_per_kg":null,
    "0":"bubuk",
    "1":"organik"
  },
  {
    "_id":{
      "$oid":"684903437013c07662ad8ba8"
    },
    "timestamp_scrape":"2025-06-11T11:12:25.829380",
    "ecommerce":"Tokopedia",
    "product_name":"Mesin Oven Pengering Gula Semut \/ Gula Aren 16 Rak",
    "price_raw":"Rp12.000.000",
    "price_clean":12000000.0,
    "shop_name":"Mesinpertanianbogor",
    "location":"Lokasi tidak tersedia",
    "sold_count_raw":"100+ terjual",
    "sold_count_clean":100.0,
    "product_url":"https:\/\/www.tokopedia.com\/mesinpertanianbogor\/mesin-oven-pengering-gula-semut-gula-aren-16-rak?extParam=ivf%3Dfalse%26keyword%3Dgula+aren%26src%3Dsearch",
    "search_query":"gula aren",
    "weight_kg":null,
    "price_per_kg":null,
    "0":"bubuk",
    "1":"umum"
  },
  {
    "_id":{
      "$oid":"684903437013c07662ad8ba9"
    },
    "timestamp_scrape":"2025-06-11T11:12:26.465154",
    "ecommerce":"Tokopedia",
    "product_name":"top coffee gula aren 15 sachet",
    "price_raw":"Rp16.500",
    "price_clean":16500.0,
    "shop_name":"TokoAz_Zuhair",
    "location":"Lokasi tidak tersedia",
    "sold_count_raw":"100+ terjual",
    "sold_count_clean":100.0,
    "product_url":"https:\/\/www.tokopedia.com\/tokoazzuhair\/top-coffee-gula-aren-15-sachet?extParam=ivf%3Dfalse%26keyword%3Dgula+aren%26src%3Dsearch",
    "search_query":"gula aren",
    "weight_kg":null,
    "price_per_kg":null,
    "0":null,
    "1":null
  },
  {
    "_id":{
      "$oid":"684903437013c07662ad8baa"
    },
    "timestamp_scrape":"2025-06-11T11:12:27.073233",
    "ecommerce":"Tokopedia",
    "product_name":"Brown Sugar Cair\/ Gula Aren Cair Premium 1 Liter ASLI 100% S'FARM",
    "price_raw":"Rp37.500",
    "price_clean":37500.0,
    "shop_name":"S'FARM",
    "location":"Lokasi tidak tersedia",
    "sold_count_raw":"500+ terjual",
    "sold_count_clean":500.0,
    "product_url":"https:\/\/www.tokopedia.com\/sfarmpowder\/brown-sugar-cair-gula-aren-cair-premium-1-liter-asli-100-s-farm?extParam=ivf%3Dfalse%26keyword%3Dgula+aren%26src%3Dsearch",
    "search_query":"gula aren",
    "weight_kg":1.0,
    "price_per_kg":37500.0,
    "0":null,
    "1":null
  },
  {
    "_id":{
      "$oid":"684903437013c07662ad8bab"
    },
    "timestamp_scrape":"2025-06-11T11:12:27.680417",
    "ecommerce":"Tokopedia",
    "product_name":"Gula aren cair \"Nusa Aren\" - kemasan 1Liter dan botol 500 mL",
    "price_raw":"Rp20.000",
    "price_clean":20000.0,
    "shop_name":"Nusantara Trading",
    "location":"Lokasi tidak tersedia",
    "sold_count_raw":"100+ terjual",
    "sold_count_clean":100.0,
    "product_url":"https:\/\/www.tokopedia.com\/nusantaratrading\/gula-aren-cair-nusa-aren-kemasan-1liter-dan-botol-500-ml-500-ml?extParam=ivf%3Dfalse%26keyword%3Dgula+aren%26src%3Dsearch",
    "search_query":"gula aren",
    "weight_kg":1.0,
    "price_per_kg":20000.0,
    "0":null,
    "1":null
  },
  {
    "_id":{
      "$oid":"684903437013c07662ad8bac"
    },
    "timestamp_scrape":"2025-06-11T11:12:28.288277",
    "ecommerce":"Tokopedia",
    "product_name":"X'Tragin Jahe Full Cream + Gula Aren",
    "price_raw":"Rp25.000",
    "price_clean":25000.0,
    "shop_name":"Evynafood",
    "location":"Lokasi tidak tersedia",
    "sold_count_raw":"100+ terjual",
    "sold_count_clean":100.0,
    "product_url":"https:\/\/www.tokopedia.com\/evynafoodonline\/x-tragin-jahe-full-cream-gula-aren?extParam=ivf%3Dfalse%26keyword%3Dgula+aren%26src%3Dsearch",
    "search_query":"gula aren",
    "weight_kg":null,
    "price_per_kg":null,
    "0":null,
    "1":null
  },
  {
    "_id":{
      "$oid":"684903437013c07662ad8bad"
    },
    "timestamp_scrape":"2025-06-11T11:12:28.897977",
    "ecommerce":"Tokopedia",
    "product_name":"Gula Aren Murni Asli Kalimantan Bungkus Daun",
    "price_raw":"Rp55.000",
    "price_clean":55000.0,
    "shop_name":"Lucius's Hand Craft",
    "location":"Lokasi tidak tersedia",
    "sold_count_raw":"2 terjual",
    "sold_count_clean":2.0,
    "product_url":"https:\/\/www.tokopedia.com\/luciuss\/gula-aren-murni-asli-kalimantan-bungkus-daun?extParam=ivf%3Dfalse%26keyword%3Dgula+aren%26src%3Dsearch",
    "search_query":"gula aren",
    "weight_kg":null,
    "price_per_kg":null,
    "0":null,
    "1":null
  },
  {
    "_id":{
      "$oid":"684903437013c07662ad8bb1"
    },
    "timestamp_scrape":"2025-06-11T11:12:55.006357",
    "ecommerce":"Tokopedia",
    "product_name":"GULA AREN CAIR PINNATA KEMASAN 1 LITER",
    "price_raw":"Rp59.990",
    "price_clean":59990.0,
    "shop_name":"Gunawan Walet Indonesia",
    "location":"Lokasi tidak tersedia",
    "sold_count_raw":"750+ terjual",
    "sold_count_clean":750.0,
    "product_url":"https:\/\/www.tokopedia.com\/waletkuindonesia\/gula-aren-cair-pinnata-kemasan-1-liter-label-baru?extParam=ivf%3Dfalse%26keyword%3Dgula+aren%26src%3Dsearch",
    "search_query":"gula aren",
    "weight_kg":1.0,
    "price_per_kg":59990.0,
    "0":null,
    "1":null
  },
  {
    "_id":{
      "$oid":"684903437013c07662ad8bb2"
    },
    "timestamp_scrape":"2025-06-11T11:12:55.607225",
    "ecommerce":"Tokopedia",
    "product_name":"Koling gula aren..manisnya khas gula aren. Kemasan 500 gram",
    "price_raw":"Rp37.500",
    "price_clean":37500.0,
    "shop_name":"Dapur Ngoret",
    "location":"Lokasi tidak tersedia",
    "sold_count_raw":"250+ terjual",
    "sold_count_clean":250.0,
    "product_url":"https:\/\/www.tokopedia.com\/dapurngoret\/koling-gula-aren-manisnya-khas-gula-aren-kemasan-500-gram?extParam=ivf%3Dfalse%26keyword%3Dgula+aren%26src%3Dsearch",
    "search_query":"gula aren",
    "weight_kg":0.5,
    "price_per_kg":75000.0,
    "0":null,
    "1":null
  },
  {
    "_id":{
      "$oid":"684903437013c07662ad8bb3"
    },
    "timestamp_scrape":"2025-06-11T11:12:56.208440",
    "ecommerce":"Tokopedia",
    "product_name":"TORABIKA GILUS MIX GULA AREN 10 PCS X 23 GR - KOPI",
    "price_raw":"Rp17.400",
    "price_clean":17400.0,
    "shop_name":"Hypermart Puri Indah",
    "location":"Lokasi tidak tersedia",
    "sold_count_raw":"30+ terjual",
    "sold_count_clean":30.0,
    "product_url":"https:\/\/www.tokopedia.com\/hpmpuriindah\/torabika-gilus-mix-gula-aren-10-pcs-x-23-gr-kopi?extParam=ivf%3Dfalse%26keyword%3Dgula+aren%26src%3Dsearch",
    "search_query":"gula aren",
    "weight_kg":0.023,
    "price_per_kg":756521.7391304348,
    "0":null,
    "1":null
  },
  {
    "_id":{
      "$oid":"684903437013c07662ad8bb4"
    },
    "timestamp_scrape":"2025-06-11T11:12:56.813225",
    "ecommerce":"Tokopedia",
    "product_name":"Gula Aren Cair Timurasa 500 ml",
    "price_raw":"Rp45.000",
    "price_clean":45000.0,
    "shop_name":"Tadi Pagi Coffee Roastery",
    "location":"Lokasi tidak tersedia",
    "sold_count_raw":"4 terjual",
    "sold_count_clean":4.0,
    "product_url":"https:\/\/www.tokopedia.com\/tadipagiroastery\/gula-aren-cair-timurasa-500-ml-1730917219070608730?extParam=ivf%3Dfalse%26keyword%3Dgula+aren%26src%3Dsearch",
    "search_query":"gula aren",
    "weight_kg":0.5,
    "price_per_kg":90000.0,
    "0":null,
    "1":null
  },
  {
    "_id":{
      "$oid":"684903437013c07662ad8bb5"
    },
    "timestamp_scrape":"2025-06-11T11:12:57.414784",
    "ecommerce":"Tokopedia",
    "product_name":"Telor Gabus Gula Aren 500Gram",
    "price_raw":"Rp39.999",
    "price_clean":39999.0,
    "shop_name":"Waroenk Snack 888",
    "location":"Lokasi tidak tersedia",
    "sold_count_raw":"21 terjual",
    "sold_count_clean":21.0,
    "product_url":"https:\/\/www.tokopedia.com\/waroenksnack888\/telor-gabus-gula-aren-500gram?extParam=ivf%3Dfalse%26keyword%3Dgula+aren%26src%3Dsearch",
    "search_query":"gula aren",
    "weight_kg":0.5,
    "price_per_kg":79998.0,
    "0":null,
    "1":null
  },
  {
    "_id":{
      "$oid":"684903437013c07662ad8bb6"
    },
    "timestamp_scrape":"2025-06-11T11:12:58.012841",
    "ecommerce":"Tokopedia",
    "product_name":"Gula Aren Palembang Asli Lingau 1kg (,1X2pcs)",
    "price_raw":"Rp43.000",
    "price_clean":43000.0,
    "shop_name":"KBP_AYEN",
    "location":"Lokasi tidak tersedia",
    "sold_count_raw":"15 terjual",
    "sold_count_clean":15.0,
    "product_url":"https:\/\/www.tokopedia.com\/kbpayen-1\/gula-aren-palembang-asli-lingau-1kg-1x2pcs?extParam=ivf%3Dfalse%26keyword%3Dgula+aren%26src%3Dsearch",
    "search_query":"gula aren",
    "weight_kg":1.0,
    "price_per_kg":43000.0,
    "0":null,
    "1":null
  },
  {
    "_id":{
      "$oid":"684903437013c07662ad8bb7"
    },
    "timestamp_scrape":"2025-06-11T11:12:58.620389",
    "ecommerce":"Tokopedia",
    "product_name":"Kopi Kapal Api Spesial GULA AREN 23 gr",
    "price_raw":"Rp20.700",
    "price_clean":20700.0,
    "shop_name":"TokoRahayu 01",
    "location":"Lokasi tidak tersedia",
    "sold_count_raw":"80+ terjual",
    "sold_count_clean":80.0,
    "product_url":"https:\/\/www.tokopedia.com\/tokorahayu01\/kopi-kapal-api-spesial-gula-aren-23-gr?extParam=ivf%3Dfalse%26keyword%3Dgula+aren%26src%3Dsearch",
    "search_query":"gula aren",
    "weight_kg":0.023,
    "price_per_kg":900000.0,
    "0":null,
    "1":null
  },
  {
    "_id":{
      "$oid":"684903437013c07662ad8bb8"
    },
    "timestamp_scrape":"2025-06-11T11:12:59.245929",
    "ecommerce":"Tokopedia",
    "product_name":"KATA OMA TELUR GABUS GULA AREN POUCH 63 GR",
    "price_raw":"Rp14.650",
    "price_clean":14650.0,
    "shop_name":"Hypermart Pejaten Village",
    "location":"Lokasi tidak tersedia",
    "sold_count_raw":"30+ terjual",
    "sold_count_clean":30.0,
    "product_url":"https:\/\/www.tokopedia.com\/hypermartpejaten\/kata-oma-telur-gabus-gula-aren-pouch-63-gr?extParam=ivf%3Dfalse%26keyword%3Dgula+aren%26src%3Dsearch",
    "search_query":"gula aren",
    "weight_kg":0.063,
    "price_per_kg":232539.6825396825,
    "0":null,
    "1":null
  },
  {
    "_id":{
      "$oid":"684903437013c07662ad8bb9"
    },
    "timestamp_scrape":"2025-06-11T11:12:59.842324",
    "ecommerce":"Tokopedia",
    "product_name":"Timurasa arenga palm sugar - gula merah aren asli bubuk semut organik",
    "price_raw":"Rp29.900",
    "price_clean":29900.0,
    "shop_name":"OrgenicStore",
    "location":"Lokasi tidak tersedia",
    "sold_count_raw":"250+ terjual",
    "sold_count_clean":250.0,
    "product_url":"https:\/\/www.tokopedia.com\/orgenicst\/timurasa-arenga-palm-sugar-gula-merah-aren-asli-bubuk-semut-organik?extParam=ivf%3Dfalse%26keyword%3Dgula+aren%26src%3Dsearch",
    "search_query":"gula aren",
    "weight_kg":null,
    "price_per_kg":null,
    "0":null,
    "1":null
  },
  {
    "_id":{
      "$oid":"684903437013c07662ad8bba"
    },
    "timestamp_scrape":"2025-06-11T11:13:00.442028",
    "ecommerce":"Tokopedia",
    "product_name":"Gula Semut Aren Cair TENERO - 5 Liter",
    "price_raw":"Rp205.000",
    "price_clean":205000.0,
    "shop_name":"tobaku.id",
    "location":"Lokasi tidak tersedia",
    "sold_count_raw":"750+ terjual",
    "sold_count_clean":750.0,
    "product_url":"https:\/\/www.tokopedia.com\/tobakuid\/gula-semut-aren-cair-tenero-5-liter?extParam=ivf%3Dfalse%26keyword%3Dgula+aren%26src%3Dsearch",
    "search_query":"gula aren",
    "weight_kg":5.0,
    "price_per_kg":41000.0,
    "0":null,
    "1":null
  },
  {
    "_id":{
      "$oid":"684903437013c07662ad8bbb"
    },
    "timestamp_scrape":"2025-06-11T11:13:01.049667",
    "ecommerce":"Tokopedia",
    "product_name":"Gula Semut Aren Palm Sugar murni 100% organik 20kg",
    "price_raw":"Rp695.000",
    "price_clean":695000.0,
    "shop_name":"J-mix",
    "location":"Lokasi tidak tersedia",
    "sold_count_raw":"8 terjual",
    "sold_count_clean":8.0,
    "product_url":"https:\/\/www.tokopedia.com\/j-mix\/gula-semut-aren-palm-sugar-murni-100-organik-20kg-premium-grade-a-8e77d?extParam=ivf%3Dfalse%26keyword%3Dgula+aren%26src%3Dsearch",
    "search_query":"gula aren",
    "weight_kg":20.0,
    "price_per_kg":34750.0,
    "0":null,
    "1":null
  },
  {
    "_id":{
      "$oid":"684903437013c07662ad8bbe"
    },
    "timestamp_scrape":"2025-06-11T11:13:30.400713",
    "ecommerce":"Tokopedia",
    "product_name":"gula aren",
    "price_raw":"Rp23.000",
    "price_clean":23000.0,
    "shop_name":"Bekamonline",
    "location":"Lokasi tidak tersedia",
    "sold_count_raw":"100+ terjual",
    "sold_count_clean":100.0,
    "product_url":"https:\/\/www.tokopedia.com\/bekamonline\/gula-aren?extParam=ivf%3Dfalse%26keyword%3Dgula+aren%26src%3Dsearch",
    "search_query":"gula aren",
    "weight_kg":null,
    "price_per_kg":null,
    "0":null,
    "1":null
  },
  {
    "_id":{
      "$oid":"684903437013c07662ad8bbf"
    },
    "timestamp_scrape":"2025-06-11T11:13:31.003633",
    "ecommerce":"Tokopedia",
    "product_name":"Gula Aren Semut Asli 500 gram Healthy Barn",
    "price_raw":"Rp22.500",
    "price_clean":22500.0,
    "shop_name":"Healthy Barn",
    "location":"Lokasi tidak tersedia",
    "sold_count_raw":"12 terjual",
    "sold_count_clean":12.0,
    "product_url":"https:\/\/www.tokopedia.com\/healthybarnid\/gula-aren-semut-asli-500-gram-healthy-barn?extParam=ivf%3Dfalse%26keyword%3Dgula+aren%26src%3Dsearch",
    "search_query":"gula aren",
    "weight_kg":0.5,
    "price_per_kg":45000.0,
    "0":null,
    "1":null
  },
  {
    "_id":{
      "$oid":"684903437013c07662ad8bc1"
    },
    "timestamp_scrape":"2025-06-11T11:13:32.214795",
    "ecommerce":"Tokopedia",
    "product_name":"[ BOTOL ] Gula Semut Aren Cair 250ml | Ameena Premium Quality",
    "price_raw":"Rp20.000",
    "price_clean":20000.0,
    "shop_name":"Ameena Official Shop",
    "location":"Lokasi tidak tersedia",
    "sold_count_raw":"13 terjual",
    "sold_count_clean":13.0,
    "product_url":"https:\/\/www.tokopedia.com\/ameenaofficialshop\/botol-gula-semut-aren-cair-250ml-ameena-premium-quality?extParam=ivf%3Dfalse%26keyword%3Dgula+aren%26src%3Dsearch",
    "search_query":"gula aren",
    "weight_kg":0.25,
    "price_per_kg":80000.0,
    "0":null,
    "1":null
  },
  {
    "_id":{
      "$oid":"684903437013c07662ad8bc2"
    },
    "timestamp_scrape":"2025-06-11T11:13:32.817356",
    "ecommerce":"Tokopedia",
    "product_name":"Gula Aren Asli Purworejo",
    "price_raw":"Rp20.000",
    "price_clean":20000.0,
    "shop_name":"Shevia shop_NEW",
    "location":"Lokasi tidak tersedia",
    "sold_count_raw":"70+ terjual",
    "sold_count_clean":70.0,
    "product_url":"https:\/\/www.tokopedia.com\/seviolshopplant\/gula-aren-asli-purworejo?extParam=ivf%3Dfalse%26keyword%3Dgula+aren%26src%3Dsearch",
    "search_query":"gula aren",
    "weight_kg":null,
    "price_per_kg":null,
    "0":null,
    "1":null
  },
  {
    "_id":{
      "$oid":"684903437013c07662ad8bc4"
    },
    "timestamp_scrape":"2025-06-11T11:13:34.012286",
    "ecommerce":"Tokopedia",
    "product_name":"top coffee gula aren 15 sachet",
    "price_raw":"Rp19.500",
    "price_clean":19500.0,
    "shop_name":"edisnack",
    "location":"Lokasi tidak tersedia",
    "sold_count_raw":"8 terjual",
    "sold_count_clean":8.0,
    "product_url":"https:\/\/www.tokopedia.com\/edisnack\/top-coffee-gula-aren-15-sachet?extParam=ivf%3Dfalse%26keyword%3Dgula+aren%26src%3Dsearch",
    "search_query":"gula aren",
    "weight_kg":null,
    "price_per_kg":null,
    "0":null,
    "1":null
  },
  {
    "_id":{
      "$oid":"684903437013c07662ad8bc5"
    },
    "timestamp_scrape":"2025-06-11T11:13:34.614386",
    "ecommerce":"Tokopedia",
    "product_name":"Maharaja Coffee Espresso Europa Blend 1 kg econo pack 80% Arabica + Robusta cocok utk Kopi Latte Susu gula aren",
    "price_raw":"Rp256.000",
    "price_clean":256000.0,
    "shop_name":"Maharaja Coffee",
    "location":"Lokasi tidak tersedia",
    "sold_count_raw":"100+ terjual",
    "sold_count_clean":100.0,
    "product_url":"https:\/\/www.tokopedia.com\/maharajacoffee\/maharaja-coffee-espresso-europa-blend-1-kg-econo-pack-80-arabica-robusta-cocok-utk-kopi-latte-susu-gula-aren-1729643002363611638?extParam=ivf%3Dfalse%26keyword%3Dgula+aren%26src%3Dsearch",
    "search_query":"gula aren",
    "weight_kg":1.0,
    "price_per_kg":256000.0,
    "0":null,
    "1":null
  },
  {
    "_id":{
      "$oid":"684903437013c07662ad8bc6"
    },
    "timestamp_scrape":"2025-06-11T11:13:35.213988",
    "ecommerce":"Tokopedia",
    "product_name":"KOPI GILUSMIX GULA AREN 1 KARTON ( 12 RENCENG) 120 SACHET",
    "price_raw":"Rp105.700",
    "price_clean":105700.0,
    "shop_name":"Nath_olshop",
    "location":"Lokasi tidak tersedia",
    "sold_count_raw":"10 terjual",
    "sold_count_clean":10.0,
    "product_url":"https:\/\/www.tokopedia.com\/nonatholshop\/kopi-gilusmix-gula-aren-1-karton-12-renceng-120-sachet?extParam=ivf%3Dfalse%26keyword%3Dgula+aren%26src%3Dsearch",
    "search_query":"gula aren",
    "weight_kg":null,
    "price_per_kg":null,
    "0":null,
    "1":null
  },
  {
    "_id":{
      "$oid":"684903437013c07662ad8bc7"
    },
    "timestamp_scrape":"2025-06-11T11:13:35.816938",
    "ecommerce":"Tokopedia",
    "product_name":"ABC kopi susu gula aren renceng isi 15 sachet Coffee Susu Instan",
    "price_raw":"Rp20.500",
    "price_clean":20500.0,
    "shop_name":"Jona Market",
    "location":"Lokasi tidak tersedia",
    "sold_count_raw":"28 terjual",
    "sold_count_clean":28.0,
    "product_url":"https:\/\/www.tokopedia.com\/jona-market\/abc-kopi-susu-gula-aren-renceng-isi-15-sachet-coffee-susu-instan-1730160992866829501?extParam=ivf%3Dfalse%26keyword%3Dgula+aren%26src%3Dsearch",
    "search_query":"gula aren",
    "weight_kg":null,
    "price_per_kg":null,
    "0":null,
    "1":null
  },
  {
    "_id":{
      "$oid":"684903437013c07662ad8bc8"
    },
    "timestamp_scrape":"2025-06-11T11:13:36.412982",
    "ecommerce":"Tokopedia",
    "product_name":"GULA AREN\/KAWUNG ASLI 100% BUNGKUS DAUN 1 KG",
    "price_raw":"Rp30.000",
    "price_clean":30000.0,
    "shop_name":"fazarstore-15",
    "location":"Lokasi tidak tersedia",
    "sold_count_raw":"100+ terjual",
    "sold_count_clean":100.0,
    "product_url":"https:\/\/www.tokopedia.com\/fazarstore-15\/gula-aren-kawung-asli-100-bungkus-daun-1-kg?extParam=ivf%3Dfalse%26keyword%3Dgula+aren%26src%3Dsearch",
    "search_query":"gula aren",
    "weight_kg":1.0,
    "price_per_kg":30000.0,
    "0":null,
    "1":null
  },
  {
    "_id":{
      "$oid":"684903437013c07662ad8bc9"
    },
    "timestamp_scrape":"2025-06-11T11:13:37.030572",
    "ecommerce":"Tokopedia",
    "product_name":"Healthy Choice Gula 500 Gr ( Gula Aren, Gula Batu ) Sugar",
    "price_raw":"Rp56.070",
    "price_clean":56070.0,
    "shop_name":"Healthy Choice Indonesia_NEW",
    "location":"Lokasi tidak tersedia",
    "sold_count_raw":"4 terjual",
    "sold_count_clean":4.0,
    "product_url":"https:\/\/www.tokopedia.com\/healthychoice-id\/healthy-choice-gula-500gr-batu-aren-organik-1730852615563150351?extParam=ivf%3Dfalse%26keyword%3Dgula+aren%26src%3Dsearch",
    "search_query":"gula aren",
    "weight_kg":0.5,
    "price_per_kg":112140.0,
    "0":null,
    "1":null
  },
  {
    "_id":{
      "$oid":"684903437013c07662ad8bca"
    },
    "timestamp_scrape":"2025-06-11T11:13:37.626785",
    "ecommerce":"Tokopedia",
    "product_name":"Gula Aren Bubuk 1 Kg Original Gula Semut Palm Sugar Natural Super Food",
    "price_raw":"Rp32.300",
    "price_clean":32300.0,
    "shop_name":"Pure and health",
    "location":"Lokasi tidak tersedia",
    "sold_count_raw":"250+ terjual",
    "sold_count_clean":250.0,
    "product_url":"https:\/\/www.tokopedia.com\/pureandhealth\/gula-aren-bubuk-1-kg-original-gula-semut-palm-sugar-natural-super-food-1729765181510158252?extParam=ivf%3Dfalse%26keyword%3Dgula+aren%26src%3Dsearch",
    "search_query":"gula aren",
    "weight_kg":1.0,
    "price_per_kg":32300.0,
    "0":null,
    "1":null
  },
  {
    "_id":{
      "$oid":"684903437013c07662ad8bce"
    },
    "timestamp_scrape":"2025-06-11T11:14:04.734005",
    "ecommerce":"Tokopedia",
    "product_name":"Jahe Merah Gula Aren Instan Cap Gentong Merah 250g Minuman",
    "price_raw":"Rp22.000",
    "price_clean":22000.0,
    "shop_name":"Alesha Herbal Store",
    "location":"Lokasi tidak tersedia",
    "sold_count_raw":"30+ terjual",
    "sold_count_clean":30.0,
    "product_url":"https:\/\/www.tokopedia.com\/alesha-herbal-store\/jahe-merah-gula-aren-instan-cap-gentong-merah-250g-minuman-1730604573696362041?extParam=ivf%3Dfalse%26keyword%3Dgula+aren%26src%3Dsearch",
    "search_query":"gula aren",
    "weight_kg":0.25,
    "price_per_kg":88000.0,
    "0":null,
    "1":null
  },
  {
    "_id":{
      "$oid":"684903437013c07662ad8bcf"
    },
    "timestamp_scrape":"2025-06-11T11:14:05.342505",
    "ecommerce":"Tokopedia",
    "product_name":"Susu Supergoat Gula Aren dari Kambing Etawa Pilihan Isi 2 Box bubuk dairy Milk susu kambing asli sachet",
    "price_raw":"Rp120.000",
    "price_clean":120000.0,
    "shop_name":"Supergoat Indonesia",
    "location":"Lokasi tidak tersedia",
    "sold_count_raw":"250+ terjual",
    "sold_count_clean":250.0,
    "product_url":"https:\/\/www.tokopedia.com\/supergoat-indonesia\/susu-supergoat-gula-aren-dari-kambing-etawa-pilihan-isi-2-box-bubuk-dairy-milk-susu-kambing-asli-sachet-1729603270019549344?extParam=ivf%3Dfalse%26keyword%3Dgula+aren%26src%3Dsearch",
    "search_query":"gula aren",
    "weight_kg":null,
    "price_per_kg":null,
    "0":null,
    "1":null
  },
  {
    "_id":{
      "$oid":"684903437013c07662ad8bd1"
    },
    "timestamp_scrape":"2025-06-11T11:14:06.551679",
    "ecommerce":"Tokopedia",
    "product_name":"NEW KAMBIA GULA AREN susu kambing etawa serbuk rasa gula aren",
    "price_raw":"Rp60.000",
    "price_clean":60000.0,
    "shop_name":"susu kambing kambia",
    "location":"Lokasi tidak tersedia",
    "sold_count_raw":"80+ terjual",
    "sold_count_clean":80.0,
    "product_url":"https:\/\/www.tokopedia.com\/susukambingkambia\/new-kambia-gula-aren-susu-kambing-etawa-serbuk-rasa-gula-aren?extParam=ivf%3Dfalse%26keyword%3Dgula+aren%26src%3Dsearch",
    "search_query":"gula aren",
    "weight_kg":null,
    "price_per_kg":null,
    "0":null,
    "1":null
  },
  {
    "_id":{
      "$oid":"684903437013c07662ad8bd2"
    },
    "timestamp_scrape":"2025-06-11T11:14:07.145938",
    "ecommerce":"Tokopedia",
    "product_name":"Telor gabus kata oma rasa keju dan gula aren",
    "price_raw":"Rp15.000",
    "price_clean":15000.0,
    "shop_name":"Fransisca ONLINE",
    "location":"Lokasi tidak tersedia",
    "sold_count_raw":"30+ terjual",
    "sold_count_clean":30.0,
    "product_url":"https:\/\/www.tokopedia.com\/evfran\/telor-gabus-kata-oma-rasa-keju-dan-gula-aren?extParam=ivf%3Dfalse%26keyword%3Dgula+aren%26src%3Dsearch",
    "search_query":"gula aren",
    "weight_kg":null,
    "price_per_kg":null,
    "0":null,
    "1":null
  },
  {
    "_id":{
      "$oid":"684903437013c07662ad8bd4"
    },
    "timestamp_scrape":"2025-06-11T11:14:08.358585",
    "ecommerce":"Tokopedia",
    "product_name":"KATA OMA TELUR GABUS GULA AREN POUCH 63 GR",
    "price_raw":"Rp14.650",
    "price_clean":14650.0,
    "shop_name":"Hypermart Ekalokasari",
    "location":"Lokasi tidak tersedia",
    "sold_count_raw":"17 terjual",
    "sold_count_clean":17.0,
    "product_url":"https:\/\/www.tokopedia.com\/hpmekalokasari\/kata-oma-telur-gabus-gula-aren-pouch-63-gr?extParam=ivf%3Dfalse%26keyword%3Dgula+aren%26src%3Dsearch",
    "search_query":"gula aren",
    "weight_kg":0.063,
    "price_per_kg":232539.6825396825,
    "0":null,
    "1":null
  },
  {
    "_id":{
      "$oid":"684903437013c07662ad8bd5"
    },
    "timestamp_scrape":"2025-06-11T11:14:08.978688",
    "ecommerce":"Tokopedia",
    "product_name":"Brown Sugar Stick | Gula Aren Bubuk | 240 Pcs - 5 gram",
    "price_raw":"Rp70.000",
    "price_clean":70000.0,
    "shop_name":"aridyu",
    "location":"Lokasi tidak tersedia",
    "sold_count_raw":"80+ terjual",
    "sold_count_clean":80.0,
    "product_url":"https:\/\/www.tokopedia.com\/aridyu\/brown-sugar-stick-gula-aren-bubuk-240-pcs-5-gram?extParam=ivf%3Dfalse%26keyword%3Dgula+aren%26src%3Dsearch",
    "search_query":"gula aren",
    "weight_kg":0.005,
    "price_per_kg":14000000.0,
    "0":null,
    "1":null
  },
  {
    "_id":{
      "$oid":"684903437013c07662ad8bd6"
    },
    "timestamp_scrape":"2025-06-11T11:14:09.593781",
    "ecommerce":"Tokopedia",
    "product_name":"Gula aren medan",
    "price_raw":"Rp55.000",
    "price_clean":55000.0,
    "shop_name":"tokokelly.id",
    "location":"Lokasi tidak tersedia",
    "sold_count_raw":"50+ terjual",
    "sold_count_clean":50.0,
    "product_url":"https:\/\/www.tokopedia.com\/tokokelly7\/gula-aren-medan?extParam=ivf%3Dfalse%26keyword%3Dgula+aren%26src%3Dsearch",
    "search_query":"gula aren",
    "weight_kg":null,
    "price_per_kg":null,
    "0":null,
    "1":null
  },
  {
    "_id":{
      "$oid":"684903437013c07662ad8bd7"
    },
    "timestamp_scrape":"2025-06-11T11:14:10.215574",
    "ecommerce":"Tokopedia",
    "product_name":"GULA KELAPA AREN CAIR MURNI COCONUT PALM SUGAR DINKES",
    "price_raw":"Rp33.500",
    "price_clean":33500.0,
    "shop_name":"JAGOAN FOOD",
    "location":"Lokasi tidak tersedia",
    "sold_count_raw":"1rb+ terjual",
    "sold_count_clean":1000.0,
    "product_url":"https:\/\/www.tokopedia.com\/jagoanfood\/gula-kelapa-aren-cair-murni-coconut-palm-sugar-dinkes?extParam=ivf%3Dfalse%26keyword%3Dgula+aren%26src%3Dsearch",
    "search_query":"gula aren",
    "weight_kg":null,
    "price_per_kg":null,
    "0":null,
    "1":null
  },
  {
    "_id":{
      "$oid":"684903437013c07662ad8bd8"
    },
    "timestamp_scrape":"2025-06-11T11:14:10.818069",
    "ecommerce":"Tokopedia",
    "product_name":"Gula Aren 33 Bubuk Semut Granule Premium Brown Sugar Asli Organik 1 kg",
    "price_raw":"Rp52.000",
    "price_clean":52000.0,
    "shop_name":"GULA AREN 33 LUMBUNG INDONESIA",
    "location":"Lokasi tidak tersedia",
    "sold_count_raw":"26 terjual",
    "sold_count_clean":26.0,
    "product_url":"https:\/\/www.tokopedia.com\/lumbungindonesia\/gula-aren-33-bubuk-semut-granule-premium-brown-sugar-asli-organik-1-kg?extParam=ivf%3Dfalse%26keyword%3Dgula+aren%26src%3Dsearch",
    "search_query":"gula aren",
    "weight_kg":1.0,
    "price_per_kg":52000.0,
    "0":null,
    "1":null
  },
  {
    "_id":{
      "$oid":"684903437013c07662ad8bd9"
    },
    "timestamp_scrape":"2025-06-11T11:14:11.419906",
    "ecommerce":"Tokopedia",
    "product_name":"Healthy Choice Jahe Merah Gula Aren (300g)",
    "price_raw":"Rp97.500",
    "price_clean":97500.0,
    "shop_name":"Rillahshop",
    "location":"Lokasi tidak tersedia",
    "sold_count_raw":"2 terjual",
    "sold_count_clean":2.0,
    "product_url":"https:\/\/www.tokopedia.com\/rillahshop\/healthy-choice-jahe-merah-gula-aren-300g?extParam=ivf%3Dfalse%26keyword%3Dgula+aren%26src%3Dsearch",
    "search_query":"gula aren",
    "weight_kg":0.3,
    "price_per_kg":325000.0,
    "0":null,
    "1":null
  },
  {
    "_id":{
      "$oid":"684903437013c07662ad8bda"
    },
    "timestamp_scrape":"2025-06-11T11:14:12.024204",
    "ecommerce":"Tokopedia",
    "product_name":"Tropicana Slim Sweetener Gula Aren (50 Sch)",
    "price_raw":"Rp85.900",
    "price_clean":85900.0,
    "shop_name":"PSP JKT",
    "location":"Lokasi tidak tersedia",
    "sold_count_raw":"19 terjual",
    "sold_count_clean":19.0,
    "product_url":"https:\/\/www.tokopedia.com\/psp-jakarta\/tropicana-slim-sweetener-gula-aren-50-sch?extParam=ivf%3Dfalse%26keyword%3Dgula+aren%26src%3Dsearch",
    "search_query":"gula aren",
    "weight_kg":null,
    "price_per_kg":null,
    "0":null,
    "1":null
  },
  {
    "_id":{
      "$oid":"684903437013c07662ad8bde"
    },
    "timestamp_scrape":"2025-06-11T11:14:44.591299",
    "ecommerce":"Tokopedia",
    "product_name":"gula aren cair asli 1Lt \/ brown sugar aren \/ palm sugar syrup \/ ready",
    "price_raw":"Rp54.000",
    "price_clean":54000.0,
    "shop_name":"bakingmart tangerang",
    "location":"Lokasi tidak tersedia",
    "sold_count_raw":"4rb+ terjual",
    "sold_count_clean":4000.0,
    "product_url":"https:\/\/www.tokopedia.com\/bakingmarttanger\/gula-aren-cair-asli-1lt-brown-sugar-aren-palm-sugar-syrup-ready?extParam=ivf%3Dfalse%26keyword%3Dgula+aren%26src%3Dsearch",
    "search_query":"gula aren",
    "weight_kg":1.0,
    "price_per_kg":54000.0,
    "0":null,
    "1":null
  },
  {
    "_id":{
      "$oid":"684903437013c07662ad8bdf"
    },
    "timestamp_scrape":"2025-06-11T11:14:45.188205",
    "ecommerce":"Tokopedia",
    "product_name":"Gula Semut Aren ASLI 1Kg murni dari sari Aren Terbaik",
    "price_raw":"Rp32.000",
    "price_clean":32000.0,
    "shop_name":"Den toktok",
    "location":"Lokasi tidak tersedia",
    "sold_count_raw":"750+ terjual",
    "sold_count_clean":750.0,
    "product_url":"https:\/\/www.tokopedia.com\/den-toktok\/gula-semut-aren-asli-1kg-murni-dari-sari-aren-terbaik-1729922847075502942?extParam=ivf%3Dfalse%26keyword%3Dgula+aren%26src%3Dsearch",
    "search_query":"gula aren",
    "weight_kg":1.0,
    "price_per_kg":32000.0,
    "0":null,
    "1":null
  },
  {
    "_id":{
      "$oid":"684903437013c07662ad8be0"
    },
    "timestamp_scrape":"2025-06-11T11:14:45.787149",
    "ecommerce":"Tokopedia",
    "product_name":"Gula Semut Aren Syifacare | Gula Aren Organic 1 Kg Asli Original",
    "price_raw":"Rp31.050",
    "price_clean":31050.0,
    "shop_name":"AFF GALLERY",
    "location":"Lokasi tidak tersedia",
    "sold_count_raw":"90+ terjual",
    "sold_count_clean":90.0,
    "product_url":"https:\/\/www.tokopedia.com\/pusatpropolis\/gula-semut-aren-syifacare-gula-aren-organic-1-kg-asli-original?extParam=ivf%3Dfalse%26keyword%3Dgula+aren%26src%3Dsearch",
    "search_query":"gula aren",
    "weight_kg":1.0,
    "price_per_kg":31050.0,
    "0":null,
    "1":null
  },
  {
    "_id":{
      "$oid":"684903437013c07662ad8be1"
    },
    "timestamp_scrape":"2025-06-11T11:14:46.385593",
    "ecommerce":"Tokopedia",
    "product_name":"Gula Aren Bubuk\/Arenga 1 kg",
    "price_raw":"Rp20.000",
    "price_clean":20000.0,
    "shop_name":"Cahaya makmur plastik Jakarta",
    "location":"Lokasi tidak tersedia",
    "sold_count_raw":"50+ terjual",
    "sold_count_clean":50.0,
    "product_url":"https:\/\/www.tokopedia.com\/cahayamakmurplastik\/gula-aren-bubuk-arenga-1-kg-500gram-a00cd?extParam=ivf%3Dfalse%26keyword%3Dgula+aren%26src%3Dsearch",
    "search_query":"gula aren",
    "weight_kg":1.0,
    "price_per_kg":20000.0,
    "0":null,
    "1":null
  },
  {
    "_id":{
      "$oid":"684903437013c07662ad8be2"
    },
    "timestamp_scrape":"2025-06-11T11:14:46.989391",
    "ecommerce":"Tokopedia",
    "product_name":"100gr Gula \/ Gula Aren \/ Gula Semut \/ Rempah \/ JSR 100%",
    "price_raw":"Rp9.900",
    "price_clean":9900.0,
    "shop_name":"Cap Sahabat Rempah",
    "location":"Lokasi tidak tersedia",
    "sold_count_raw":"250+ terjual",
    "sold_count_clean":250.0,
    "product_url":"https:\/\/www.tokopedia.com\/capsahabat\/100gr-gula-gula-aren-gula-semut-rempah-jsr-100?extParam=ivf%3Dfalse%26keyword%3Dgula+aren%26src%3Dsearch",
    "search_query":"gula aren",
    "weight_kg":0.1,
    "price_per_kg":99000.0,
    "0":null,
    "1":null
  },
  {
    "_id":{
      "$oid":"684903437013c07662ad8be3"
    },
    "timestamp_scrape":"2025-06-11T11:14:47.588423",
    "ecommerce":"Tokopedia",
    "product_name":"Minuman Gula Aren Jahe Sengda Lawa BEST Sugar Palm Drink with Herb",
    "price_raw":"Rp70.000",
    "price_clean":70000.0,
    "shop_name":"holisticstore",
    "location":"Lokasi tidak tersedia",
    "sold_count_raw":"100+ terjual",
    "sold_count_clean":100.0,
    "product_url":"https:\/\/www.tokopedia.com\/holisticstore\/minuman-gula-aren-jahe-sengda-lawa-best-sugar-palm-drink-with-herb?extParam=ivf%3Dfalse%26keyword%3Dgula+aren%26src%3Dsearch",
    "search_query":"gula aren",
    "weight_kg":null,
    "price_per_kg":null,
    "0":null,
    "1":null
  },
  {
    "_id":{
      "$oid":"684903437013c07662ad8be4"
    },
    "timestamp_scrape":"2025-06-11T11:14:48.188651",
    "ecommerce":"Tokopedia",
    "product_name":"Top Coffee Gula Aren Renteng Isi 15 Sachet",
    "price_raw":"Rp19.600",
    "price_clean":19600.0,
    "shop_name":"nurokysetiawan",
    "location":"Lokasi tidak tersedia",
    "sold_count_raw":"20 terjual",
    "sold_count_clean":20.0,
    "product_url":"https:\/\/www.tokopedia.com\/nurokysetiawan\/top-coffee-gula-aren-rentengan-isi-15-sachet?extParam=ivf%3Dfalse%26keyword%3Dgula+aren%26src%3Dsearch",
    "search_query":"gula aren",
    "weight_kg":null,
    "price_per_kg":null,
    "0":null,
    "1":null
  },
  {
    "_id":{
      "$oid":"684903437013c07662ad8be5"
    },
    "timestamp_scrape":"2025-06-11T11:14:48.788076",
    "ecommerce":"Tokopedia",
    "product_name":"Gula aren Semut 2 Kg",
    "price_raw":"Rp64.000",
    "price_clean":64000.0,
    "shop_name":"SalimahStore",
    "location":"Lokasi tidak tersedia",
    "sold_count_raw":"1rb+ terjual",
    "sold_count_clean":1000.0,
    "product_url":"https:\/\/www.tokopedia.com\/salimahstore-1\/gula-aren-semut-2-kg?extParam=ivf%3Dfalse%26keyword%3Dgula+aren%26src%3Dsearch",
    "search_query":"gula aren",
    "weight_kg":2.0,
    "price_per_kg":32000.0,
    "0":null,
    "1":null
  },
  {
    "_id":{
      "$oid":"684903437013c07662ad8be6"
    },
    "timestamp_scrape":"2025-06-11T11:14:49.388298",
    "ecommerce":"Tokopedia",
    "product_name":"Ricoman Palm Sugar | Gula Palem Gula Aren | Grade A 400 Gr (100% AREN)",
    "price_raw":"Rp21.500",
    "price_clean":21500.0,
    "shop_name":"Limpul Legit",
    "location":"Lokasi tidak tersedia",
    "sold_count_raw":"40+ terjual",
    "sold_count_clean":40.0,
    "product_url":"https:\/\/www.tokopedia.com\/limpullegit\/ricoman-palm-sugar-gula-palem-gula-aren-grade-a-400-gr-100-aren?extParam=ivf%3Dfalse%26keyword%3Dgula+aren%26src%3Dsearch",
    "search_query":"gula aren",
    "weight_kg":0.4,
    "price_per_kg":53750.0,
    "0":null,
    "1":null
  },
  {
    "_id":{
      "$oid":"684903437013c07662ad8be7"
    },
    "timestamp_scrape":"2025-06-11T11:14:49.987752",
    "ecommerce":"Tokopedia",
    "product_name":"[Promo] Instant Powder Es Teh Poci Gula Aren 1 pack (isi 5 sachet)",
    "price_raw":"Rp12.500",
    "price_clean":12500.0,
    "shop_name":"Rumah Teh Indonesia",
    "location":"Lokasi tidak tersedia",
    "sold_count_raw":"26 terjual",
    "sold_count_clean":26.0,
    "product_url":"https:\/\/www.tokopedia.com\/rumahtehindo\/instant-powder-es-teh-poci-gula-aren-1-pack-isi-5-sachet?extParam=ivf%3Dtrue%26keyword%3Dgula+aren%26src%3Dsearch",
    "search_query":"gula aren",
    "weight_kg":null,
    "price_per_kg":null,
    "0":null,
    "1":null
  },
  {
    "_id":{
      "$oid":"684903437013c07662ad8be8"
    },
    "timestamp_scrape":"2025-06-11T11:14:50.586354",
    "ecommerce":"Tokopedia",
    "product_name":"Gula Aren Kawung Super Original Asli Berat 1kg Sugar food",
    "price_raw":"Rp30.000",
    "price_clean":30000.0,
    "shop_name":"djamin fresh",
    "location":"Lokasi tidak tersedia",
    "sold_count_raw":"50+ terjual",
    "sold_count_clean":50.0,
    "product_url":"https:\/\/www.tokopedia.com\/djamin-fresh\/gula-aren-kawung-super-original-asli-berat-1kg-sugar-food-1730782830539801967?extParam=ivf%3Dfalse%26keyword%3Dgula+aren%26src%3Dsearch",
    "search_query":"gula aren",
    "weight_kg":1.0,
    "price_per_kg":30000.0,
    "0":null,
    "1":null
  },
  {
    "_id":{
      "$oid":"684903437013c07662ad8beb"
    },
    "timestamp_scrape":"2025-06-11T11:15:18.393641",
    "ecommerce":"Tokopedia",
    "product_name":"Gula Aren Murni Khas Belitung",
    "price_raw":"Rp40.000",
    "price_clean":40000.0,
    "shop_name":"mitani",
    "location":"Lokasi tidak tersedia",
    "sold_count_raw":"100+ terjual",
    "sold_count_clean":100.0,
    "product_url":"https:\/\/www.tokopedia.com\/mitani-1\/gula-aren-murni-khas-belitung?extParam=ivf%3Dfalse%26keyword%3Dgula+aren%26src%3Dsearch",
    "search_query":"gula aren",
    "weight_kg":null,
    "price_per_kg":null,
    "0":null,
    "1":null
  },
  {
    "_id":{
      "$oid":"684903437013c07662ad8bec"
    },
    "timestamp_scrape":"2025-06-11T11:15:19.003955",
    "ecommerce":"Tokopedia",
    "product_name":"palm suiker\/ gula merah bubuk\/ merek pigo gula aren\/ pigo palm zuiker",
    "price_raw":"Rp250.000",
    "price_clean":250000.0,
    "shop_name":"Snack 5 Ribu",
    "location":"Lokasi tidak tersedia",
    "sold_count_raw":"100+ terjual",
    "sold_count_clean":100.0,
    "product_url":"https:\/\/www.tokopedia.com\/snacklimaribu\/palm-suiker-gula-merah-bubuk-merek-pigo-gula-aren-pigo-palm-zuiker-1-2-dus?extParam=ivf%3Dfalse%26keyword%3Dgula+aren%26src%3Dsearch",
    "search_query":"gula aren",
    "weight_kg":null,
    "price_per_kg":null,
    "0":null,
    "1":null
  },
  {
    "_id":{
      "$oid":"684903437013c07662ad8bee"
    },
    "timestamp_scrape":"2025-06-11T11:15:20.219474",
    "ecommerce":"Tokopedia",
    "product_name":"top coffee gula aren renceng renceng ( 1 renceng 15 sachet)",
    "price_raw":"Rp16.500",
    "price_clean":16500.0,
    "shop_name":"Koga_shop",
    "location":"Lokasi tidak tersedia",
    "sold_count_raw":"26 terjual",
    "sold_count_clean":26.0,
    "product_url":"https:\/\/www.tokopedia.com\/kogashop-3\/top-coffee-gula-aren-renceng-renceng-1-renceng-15-sachet?extParam=ivf%3Dfalse%26keyword%3Dgula+aren%26src%3Dsearch",
    "search_query":"gula aren",
    "weight_kg":null,
    "price_per_kg":null,
    "0":null,
    "1":null
  },
  {
    "_id":{
      "$oid":"684903437013c07662ad8bef"
    },
    "timestamp_scrape":"2025-06-11T11:15:20.821313",
    "ecommerce":"Tokopedia",
    "product_name":"Gula Aren Asli Hitam 1 Kg Palm.Sugar",
    "price_raw":"Rp34.700",
    "price_clean":34700.0,
    "shop_name":"pusatgulamerah",
    "location":"Lokasi tidak tersedia",
    "sold_count_raw":"30+ terjual",
    "sold_count_clean":30.0,
    "product_url":"https:\/\/www.tokopedia.com\/maheswaristore-1\/gula-aren-asli-hitam-1-kg-palm-sugar-1729632171591699152?extParam=ivf%3Dfalse%26keyword%3Dgula+aren%26src%3Dsearch",
    "search_query":"gula aren",
    "weight_kg":1.0,
    "price_per_kg":34700.0,
    "0":null,
    "1":null
  },
  {
    "_id":{
      "$oid":"684903437013c07662ad8bf1"
    },
    "timestamp_scrape":"2025-06-11T11:15:22.029168",
    "ecommerce":"Tokopedia",
    "product_name":"Gula Aren 1kg",
    "price_raw":"Rp29.500",
    "price_clean":29500.0,
    "shop_name":"King durian 84",
    "location":"Lokasi tidak tersedia",
    "sold_count_raw":"24 terjual",
    "sold_count_clean":24.0,
    "product_url":"https:\/\/www.tokopedia.com\/kingdurian84\/gula-aren-1kg?extParam=ivf%3Dfalse%26keyword%3Dgula+aren%26src%3Dsearch",
    "search_query":"gula aren",
    "weight_kg":1.0,
    "price_per_kg":29500.0,
    "0":null,
    "1":null
  },
  {
    "_id":{
      "$oid":"684903437013c07662ad8bf2"
    },
    "timestamp_scrape":"2025-06-11T11:15:22.650831",
    "ecommerce":"Tokopedia",
    "product_name":"Gula Aren Bungkus Daun 100% Asli Kawung\/Nira Sugar Brown",
    "price_raw":"Rp29.900",
    "price_clean":29900.0,
    "shop_name":"Difa Herbal Snack PWT",
    "location":"Lokasi tidak tersedia",
    "sold_count_raw":"23 terjual",
    "sold_count_clean":23.0,
    "product_url":"https:\/\/www.tokopedia.com\/difaherbalsnack\/gula-aren-bungkus-daun-100-asli-kawung-nira?extParam=ivf%3Dfalse%26keyword%3Dgula+aren%26src%3Dsearch",
    "search_query":"gula aren",
    "weight_kg":null,
    "price_per_kg":null,
    "0":null,
    "1":null
  },
  {
    "_id":{
      "$oid":"684903437013c07662ad8bf3"
    },
    "timestamp_scrape":"2025-06-11T11:15:23.261951",
    "ecommerce":"Tokopedia",
    "product_name":"Gula Aren Asli \/ Gula Merah Aren Asli Daun",
    "price_raw":"Rp45.000",
    "price_clean":45000.0,
    "shop_name":"SHOPSANS",
    "location":"Lokasi tidak tersedia",
    "sold_count_raw":"25 terjual",
    "sold_count_clean":25.0,
    "product_url":"https:\/\/www.tokopedia.com\/shopsans-1\/gula-aren-asli-gula-merah-aren-asli-daun?extParam=ivf%3Dfalse%26keyword%3Dgula+aren%26src%3Dsearch",
    "search_query":"gula aren",
    "weight_kg":null,
    "price_per_kg":null,
    "0":null,
    "1":null
  },
  {
    "_id":{
      "$oid":"684903437013c07662ad8bf4"
    },
    "timestamp_scrape":"2025-06-11T11:15:23.864709",
    "ecommerce":"Tokopedia",
    "product_name":"Timurasa Gula Aren Bubuk ( Crystal Arenga Sugar ) 500g",
    "price_raw":"Rp28.500",
    "price_clean":28500.0,
    "shop_name":"healthycornersby",
    "location":"Lokasi tidak tersedia",
    "sold_count_raw":"100+ terjual",
    "sold_count_clean":100.0,
    "product_url":"https:\/\/www.tokopedia.com\/healthycornersby\/timurasa-gula-aren-bubuk-crystal-arenga-sugar-500g-1729605523475958621?extParam=ivf%3Dfalse%26keyword%3Dgula+aren%26src%3Dsearch",
    "search_query":"gula aren",
    "weight_kg":0.5,
    "price_per_kg":57000.0,
    "0":null,
    "1":null
  },
  {
    "_id":{
      "$oid":"684903437013c07662ad8bf5"
    },
    "timestamp_scrape":"2025-06-11T11:15:24.467647",
    "ecommerce":"Tokopedia",
    "product_name":"Onuka 56% Dark Specialty Drinking Chocolate Powder 200g \/ Minuman Coklat Asli Gula Aren",
    "price_raw":"Rp120.000",
    "price_clean":120000.0,
    "shop_name":"Onuka Chocolate",
    "location":"Lokasi tidak tersedia",
    "sold_count_raw":"5 terjual",
    "sold_count_clean":5.0,
    "product_url":"https:\/\/www.tokopedia.com\/onukachocolate\/onuka-56-dark-specialty-drinking-chocolate-powder-200g-minuman-coklat-asli-gula-aren?extParam=ivf%3Dfalse%26keyword%3Dgula+aren%26src%3Dsearch",
    "search_query":"gula aren",
    "weight_kg":0.2,
    "price_per_kg":600000.0,
    "0":null,
    "1":null
  },
  {
    "_id":{
      "$oid":"684903437013c07662ad8bf6"
    },
    "timestamp_scrape":"2025-06-11T11:15:25.073420",
    "ecommerce":"Tokopedia",
    "product_name":"Gula Semut Aren Ekonomis",
    "price_raw":"Rp13.500",
    "price_clean":13500.0,
    "shop_name":"Bu iyun shop",
    "location":"Lokasi tidak tersedia",
    "sold_count_raw":"1 terjual",
    "sold_count_clean":1.0,
    "product_url":"https:\/\/www.tokopedia.com\/buiyun\/gula-semut-aren-ekonomis-200gr?extParam=ivf%3Dfalse%26keyword%3Dgula+aren%26src%3Dsearch",
    "search_query":"gula aren",
    "weight_kg":null,
    "price_per_kg":null,
    "0":null,
    "1":null
  },
  {
    "_id":{
      "$oid":"684903437013c07662ad8bf7"
    },
    "timestamp_scrape":"2025-06-11T11:15:25.675498",
    "ecommerce":"Tokopedia",
    "product_name":"BROWN SUGAR BUBUK \/ GULA AREN BUBUK \/ BUBUK GULA AREN ORGANIK 250G",
    "price_raw":"Rp15.000",
    "price_clean":15000.0,
    "shop_name":"Pulvar-id",
    "location":"Lokasi tidak tersedia",
    "sold_count_raw":"40+ terjual",
    "sold_count_clean":40.0,
    "product_url":"https:\/\/www.tokopedia.com\/pulvar\/brown-sugar-bubuk-gula-aren-bubuk-bubuk-gula-aren-organik-250g?extParam=ivf%3Dfalse%26keyword%3Dgula+aren%26src%3Dsearch",
    "search_query":"gula aren",
    "weight_kg":0.25,
    "price_per_kg":60000.0,
    "0":null,
    "1":null
  },
  {
    "_id":{
      "$oid":"684903437013c07662ad8bfb"
    },
    "timestamp_scrape":"2025-06-11T11:15:53.641571",
    "ecommerce":"Tokopedia",
    "product_name":"Mr Jelly Palm Sugar\/Gula Aren per pack 250gr",
    "price_raw":"Rp20.000",
    "price_clean":20000.0,
    "shop_name":"lawskitchen",
    "location":"Lokasi tidak tersedia",
    "sold_count_raw":"30+ terjual",
    "sold_count_clean":30.0,
    "product_url":"https:\/\/www.tokopedia.com\/lawskitchen\/mr-jelly-palm-sugar-gula-aren-per-pack-250gr-1730916905701246611?extParam=ivf%3Dfalse%26keyword%3Dgula+aren%26src%3Dsearch",
    "search_query":"gula aren",
    "weight_kg":0.25,
    "price_per_kg":80000.0,
    "0":null,
    "1":null
  },
  {
    "_id":{
      "$oid":"684903437013c07662ad8bfc"
    },
    "timestamp_scrape":"2025-06-11T11:15:54.242967",
    "ecommerce":"Tokopedia",
    "product_name":"gula aren\/timurasa arenga palm sugar",
    "price_raw":"Rp32.500",
    "price_clean":32500.0,
    "shop_name":"Ijo Mart Medan",
    "location":"Lokasi tidak tersedia",
    "sold_count_raw":"100+ terjual",
    "sold_count_clean":100.0,
    "product_url":"https:\/\/www.tokopedia.com\/ijomartmedan\/gula-aren-timurasa-arenga-palm-sugar?extParam=ivf%3Dfalse%26keyword%3Dgula+aren%26src%3Dsearch",
    "search_query":"gula aren",
    "weight_kg":null,
    "price_per_kg":null,
    "0":null,
    "1":null
  },
  {
    "_id":{
      "$oid":"684903437013c07662ad8bfe"
    },
    "timestamp_scrape":"2025-06-11T11:15:55.441869",
    "ecommerce":"Tokopedia",
    "product_name":"Calsimond 200 gram ASI Booster Susu Ibu Menyusui Almond gula aren",
    "price_raw":"Rp20.500",
    "price_clean":20500.0,
    "shop_name":"zafgrosir_NEW",
    "location":"Lokasi tidak tersedia",
    "sold_count_raw":"25 terjual",
    "sold_count_clean":25.0,
    "product_url":"https:\/\/www.tokopedia.com\/zafgrosir-934\/calsimond-200-gram-asi-booster-susu-ibu-menyusui-almond-gula-aren-1731074849307526746?extParam=ivf%3Dfalse%26keyword%3Dgula+aren%26src%3Dsearch",
    "search_query":"gula aren",
    "weight_kg":0.2,
    "price_per_kg":102500.0,
    "0":null,
    "1":null
  },
  {
    "_id":{
      "$oid":"684903437013c07662ad8bff"
    },
    "timestamp_scrape":"2025-06-11T11:15:56.044465",
    "ecommerce":"Tokopedia",
    "product_name":"Haan Gula Aren Bubuk 1 Karton Isi 40 Bungkus x 250g Palm Sugar",
    "price_raw":"Rp930.600",
    "price_clean":930600.0,
    "shop_name":"Panda Global",
    "location":"Lokasi tidak tersedia",
    "sold_count_raw":"11 terjual",
    "sold_count_clean":11.0,
    "product_url":"https:\/\/www.tokopedia.com\/pandaglobal\/haan-gula-aren-bubuk-1-karton-isi-40-bungkus-x-250g-palm-sugar?extParam=ivf%3Dfalse%26keyword%3Dgula+aren%26src%3Dsearch",
    "search_query":"gula aren",
    "weight_kg":0.25,
    "price_per_kg":3722400.0,
    "0":null,
    "1":null
  },
  {
    "_id":{
      "$oid":"684903437013c07662ad8c01"
    },
    "timestamp_scrape":"2025-06-11T11:15:57.292632",
    "ecommerce":"Tokopedia",
    "product_name":"Gula Jawa\/Merah\/Aren\/Nira\/Kelapa asli tanpa pengawet\/campuran\/Filler",
    "price_raw":"Rp35.000",
    "price_clean":35000.0,
    "shop_name":"In Store Jakarta",
    "location":"Lokasi tidak tersedia",
    "sold_count_raw":"80+ terjual",
    "sold_count_clean":80.0,
    "product_url":"https:\/\/www.tokopedia.com\/instorejakarta\/gula-jawameraharennirakelapa-asli-tanpa-pengawetcampuranfiller?extParam=ivf%3Dfalse%26keyword%3Dgula+aren%26src%3Dsearch",
    "search_query":"gula aren",
    "weight_kg":null,
    "price_per_kg":null,
    "0":null,
    "1":null
  },
  {
    "_id":{
      "$oid":"684903437013c07662ad8c02"
    },
    "timestamp_scrape":"2025-06-11T11:15:57.896972",
    "ecommerce":"Tokopedia",
    "product_name":"Gula Aren asli Sadap Nira Palem Enau Homemade Kualitas Export",
    "price_raw":"Rp78.875",
    "price_clean":78875.0,
    "shop_name":"Pangan Export Indonesia",
    "location":"Lokasi tidak tersedia",
    "sold_count_raw":"1rb+ terjual",
    "sold_count_clean":1000.0,
    "product_url":"https:\/\/www.tokopedia.com\/panganexport\/gula-aren-asli-sadap-nira-palem-enau-homemade-kualitas-export-bali-padat?extParam=ivf%3Dfalse%26keyword%3Dgula+aren%26src%3Dsearch",
    "search_query":"gula aren",
    "weight_kg":null,
    "price_per_kg":null,
    "0":null,
    "1":null
  },
  {
    "_id":{
      "$oid":"684903437013c07662ad8c03"
    },
    "timestamp_scrape":"2025-06-11T11:15:58.501609",
    "ecommerce":"Tokopedia",
    "product_name":"KOPI TOP COFFEE GULA AREN 1 RENCENG ISI 10 SACHET + PROMO 5 SACHET ISI 15",
    "price_raw":"Rp21.200",
    "price_clean":21200.0,
    "shop_name":"LengkapKita",
    "location":"Lokasi tidak tersedia",
    "sold_count_raw":"2 terjual",
    "sold_count_clean":2.0,
    "product_url":"https:\/\/www.tokopedia.com\/lengkapkita\/kopi-top-coffee-gula-aren-1-renceng-isi-10-sachet-promo-5-sachet-isi-15-799f6?extParam=ivf%3Dfalse%26keyword%3Dgula+aren%26src%3Dsearch",
    "search_query":"gula aren",
    "weight_kg":null,
    "price_per_kg":null,
    "0":null,
    "1":null
  },
  {
    "_id":{
      "$oid":"684903437013c07662ad8c04"
    },
    "timestamp_scrape":"2025-06-11T11:15:59.108454",
    "ecommerce":"Tokopedia",
    "product_name":"Palm Suiker Pido \/ Palm Sugar \/ Gula Palem \/ Gula Aren Asli 250gr",
    "price_raw":"Rp18.500",
    "price_clean":18500.0,
    "shop_name":"Kotoko Store",
    "location":"Lokasi tidak tersedia",
    "sold_count_raw":"70+ terjual",
    "sold_count_clean":70.0,
    "product_url":"https:\/\/www.tokopedia.com\/kotokostore\/palm-suiker-pido-palm-sugar-gula-palem-gula-aren-250gr?extParam=ivf%3Dfalse%26keyword%3Dgula+aren%26src%3Dsearch",
    "search_query":"gula aren",
    "weight_kg":0.25,
    "price_per_kg":74000.0,
    "0":null,
    "1":null
  },
  {
    "_id":{
      "$oid":"684903437013c07662ad8c05"
    },
    "timestamp_scrape":"2025-06-11T11:15:59.718070",
    "ecommerce":"Tokopedia",
    "product_name":"Gula Aren Cair 1000 ML Legit Barista Choice",
    "price_raw":"Rp55.000",
    "price_clean":55000.0,
    "shop_name":"Twenty.Store",
    "location":"Lokasi tidak tersedia",
    "sold_count_raw":"5 terjual",
    "sold_count_clean":5.0,
    "product_url":"https:\/\/www.tokopedia.com\/twenty-store\/gula-aren-cair-1000-ml-legit-barista-choice?extParam=ivf%3Dfalse%26keyword%3Dgula+aren%26src%3Dsearch",
    "search_query":"gula aren",
    "weight_kg":1.0,
    "price_per_kg":55000.0,
    "0":null,
    "1":null
  },
  {
    "_id":{
      "$oid":"684903437013c07662ad8c06"
    },
    "timestamp_scrape":"2025-06-11T11:16:00.318803",
    "ecommerce":"Tokopedia",
    "product_name":"1 kg Gula Aren murni original super",
    "price_raw":"Rp32.999",
    "price_clean":32999.0,
    "shop_name":"AkmalAren",
    "location":"Lokasi tidak tersedia",
    "sold_count_raw":"1rb+ terjual",
    "sold_count_clean":1000.0,
    "product_url":"https:\/\/www.tokopedia.com\/akmalaren-176\/1-kg-gula-aren-murni-original-super-1730814325523317854?extParam=ivf%3Dfalse%26keyword%3Dgula+aren%26src%3Dsearch",
    "search_query":"gula aren",
    "weight_kg":1.0,
    "price_per_kg":32999.0,
    "0":null,
    "1":null
  },
  {
    "_id":{
      "$oid":"684903437013c07662ad8c07"
    },
    "timestamp_scrape":"2025-06-11T11:16:00.936852",
    "ecommerce":"Tokopedia",
    "product_name":"Ricoman Dark \/ Light Brown Sugar 100gr 250gr 500gr 1kg | Rikoman Gula Aren Bubuk Gula Merah Tebu Kemasan Repack 100 250 500 gr 1 kg",
    "price_raw":"Rp8.999",
    "price_clean":8999.0,
    "shop_name":"Bea Mart_NEW",
    "location":"Lokasi tidak tersedia",
    "sold_count_raw":"2 terjual",
    "sold_count_clean":2.0,
    "product_url":"https:\/\/www.tokopedia.com\/beamart-1\/ricoman-dark-light-brown-sugar-100gr-250gr-500gr-1kg-rikoman-gula-aren-bubuk-gula-merah-tebu-kemasan-repack-100-250-500-gr-1-kg-1730693810432083575?extParam=ivf%3Dfalse%26keyword%3Dgula+aren%26src%3Dsearch",
    "search_query":"gula aren",
    "weight_kg":0.1,
    "price_per_kg":89990.0,
    "0":null,
    "1":null
  },
  {
    "_id":{
      "$oid":"684903437013c07662ad8c0a"
    },
    "timestamp_scrape":"2025-06-11T11:16:26.536610",
    "ecommerce":"Tokopedia",
    "product_name":"JAMU EMPON EMPON INSTANT JAHE KUNYIT TEMULAWAK GULA AREN KOMPLIT SEGER",
    "price_raw":"Rp22.500",
    "price_clean":22500.0,
    "shop_name":"GI 234",
    "location":"Lokasi tidak tersedia",
    "sold_count_raw":"90+ terjual",
    "sold_count_clean":90.0,
    "product_url":"https:\/\/www.tokopedia.com\/gi234\/jamu-empon-empon-instant-jahe-kunyit-temulawak-gula-aren-komplit-seger-empon-empon-ins?extParam=ivf%3Dfalse%26keyword%3Dgula+aren%26src%3Dsearch",
    "search_query":"gula aren",
    "weight_kg":null,
    "price_per_kg":null,
    "0":null,
    "1":null
  },
  {
    "_id":{
      "$oid":"684903437013c07662ad8c0b"
    },
    "timestamp_scrape":"2025-06-11T11:16:27.146708",
    "ecommerce":"Tokopedia",
    "product_name":"Gula Aren Cair Beragam (Liquid Arenga Sugar) - 1000ml",
    "price_raw":"Rp77.700",
    "price_clean":77700.0,
    "shop_name":"Beragam Rasa Indonesia",
    "location":"Lokasi tidak tersedia",
    "sold_count_raw":"22 terjual",
    "sold_count_clean":22.0,
    "product_url":"https:\/\/www.tokopedia.com\/beragamrasaindonesia\/gula-aren-cair-beragam-liquid-arenga-sugar-1000ml-1731466034870453609?extParam=ivf%3Dfalse%26keyword%3Dgula+aren%26src%3Dsearch",
    "search_query":"gula aren",
    "weight_kg":1.0,
    "price_per_kg":77700.0,
    "0":null,
    "1":null
  },
  {
    "_id":{
      "$oid":"684903437013c07662ad8c0c"
    },
    "timestamp_scrape":"2025-06-11T11:16:27.750896",
    "ecommerce":"Tokopedia",
    "product_name":"Gula Aren gandu toros daun 1kg murni",
    "price_raw":"Rp23.999",
    "price_clean":23999.0,
    "shop_name":"Sweet Health16",
    "location":"Lokasi tidak tersedia",
    "sold_count_raw":"2rb+ terjual",
    "sold_count_clean":2000.0,
    "product_url":"https:\/\/www.tokopedia.com\/sweet-health16\/gula-aren-gandu-toros-daun-1kg-murni-1731137391761458715?extParam=ivf%3Dfalse%26keyword%3Dgula+aren%26src%3Dsearch",
    "search_query":"gula aren",
    "weight_kg":1.0,
    "price_per_kg":23999.0,
    "0":null,
    "1":null
  },
  {
    "_id":{
      "$oid":"684903437013c07662ad8c0d"
    },
    "timestamp_scrape":"2025-06-11T11:16:28.361348",
    "ecommerce":"Tokopedia",
    "product_name":"Susu Kambing Bubuk Etawa GOATMILL H64 dengan Gula Aren Isi 200gr",
    "price_raw":"Rp29.900",
    "price_clean":29900.0,
    "shop_name":"AFF GALLERY",
    "location":"Lokasi tidak tersedia",
    "sold_count_raw":"50+ terjual",
    "sold_count_clean":50.0,
    "product_url":"https:\/\/www.tokopedia.com\/pusatpropolis\/susu-kambing-bubuk-etawa-goatmill-h64-dengan-gula-aren-isi-200gr?extParam=ivf%3Dfalse%26keyword%3Dgula+aren%26src%3Dsearch",
    "search_query":"gula aren",
    "weight_kg":0.2,
    "price_per_kg":149500.0,
    "0":null,
    "1":null
  },
  {
    "_id":{
      "$oid":"684903437013c07662ad8c0e"
    },
    "timestamp_scrape":"2025-06-11T11:16:28.966881",
    "ecommerce":"Tokopedia",
    "product_name":"jahe merah dengan gula aren 1 renceng isi 12 saset",
    "price_raw":"Rp12.000",
    "price_clean":12000.0,
    "shop_name":"nayfa herbal",
    "location":"Lokasi tidak tersedia",
    "sold_count_raw":"30+ terjual",
    "sold_count_clean":30.0,
    "product_url":"https:\/\/www.tokopedia.com\/nyfh\/jahe-merah-dengan-gula-aren-1-renceng-isi-12-saset?extParam=ivf%3Dfalse%26keyword%3Dgula+aren%26src%3Dsearch",
    "search_query":"gula aren",
    "weight_kg":null,
    "price_per_kg":null,
    "0":null,
    "1":null
  },
  {
    "_id":{
      "$oid":"684903437013c07662ad8c0f"
    },
    "timestamp_scrape":"2025-06-11T11:16:29.571648",
    "ecommerce":"Tokopedia",
    "product_name":"PohonManis Palm Sugar Liquid\/Gula Aren Cair 1 kg",
    "price_raw":"Rp46.500",
    "price_clean":46500.0,
    "shop_name":"Sweet Food Supply",
    "location":"Lokasi tidak tersedia",
    "sold_count_raw":"750+ terjual",
    "sold_count_clean":750.0,
    "product_url":"https:\/\/www.tokopedia.com\/sweetfoodsupply\/pohonmanis-palm-sugar-liquid-gula-aren-cair-1-kg?extParam=ivf%3Dfalse%26keyword%3Dgula+aren%26src%3Dsearch",
    "search_query":"gula aren",
    "weight_kg":1.0,
    "price_per_kg":46500.0,
    "0":null,
    "1":null
  },
  {
    "_id":{
      "$oid":"684903437013c07662ad8c10"
    },
    "timestamp_scrape":"2025-06-11T11:16:30.173245",
    "ecommerce":"Tokopedia",
    "product_name":"Telur gabus manis super jumbo asli manis gula aren berat250 gram Telur gabus manis Jendol manis",
    "price_raw":"Rp39.500",
    "price_clean":39500.0,
    "shop_name":"Snack Boy",
    "location":"Lokasi tidak tersedia",
    "sold_count_raw":"3 terjual",
    "sold_count_clean":3.0,
    "product_url":"https:\/\/www.tokopedia.com\/snackboy\/telur-gabus-manis-super-jumbo-asli-manis-gula-aren-berat250-gram-telur-gabus-manis-jendol-manis?extParam=ivf%3Dfalse%26keyword%3Dgula+aren%26src%3Dsearch",
    "search_query":"gula aren",
    "weight_kg":0.25,
    "price_per_kg":158000.0,
    "0":null,
    "1":null
  },
  {
    "_id":{
      "$oid":"684903437013c07662ad8c11"
    },
    "timestamp_scrape":"2025-06-11T11:16:30.777806",
    "ecommerce":"Tokopedia",
    "product_name":"Brown Sugar \/ Gula Aren Cair 1 LITER Bahan Food",
    "price_raw":"Rp50.000",
    "price_clean":50000.0,
    "shop_name":"SOLO POWDER DRINK_NEW",
    "location":"Lokasi tidak tersedia",
    "sold_count_raw":"21 terjual",
    "sold_count_clean":21.0,
    "product_url":"https:\/\/www.tokopedia.com\/solo-powder-drink\/brown-sugar-gula-aren-cair-1-liter-bahan-food-1729563217763929037?extParam=ivf%3Dfalse%26keyword%3Dgula+aren%26src%3Dsearch",
    "search_query":"gula aren",
    "weight_kg":1.0,
    "price_per_kg":50000.0,
    "0":null,
    "1":null
  },
  {
    "_id":{
      "$oid":"684903437013c07662ad8c12"
    },
    "timestamp_scrape":"2025-06-11T11:16:31.402676",
    "ecommerce":"Tokopedia",
    "product_name":"Gula Aren Cair Palm Sugar Syrup BARISTA 500g \/ Kopi Susu \/ MAHAVITA",
    "price_raw":"Rp28.000",
    "price_clean":28000.0,
    "shop_name":"Spatoola",
    "location":"Lokasi tidak tersedia",
    "sold_count_raw":"50+ terjual",
    "sold_count_clean":50.0,
    "product_url":"https:\/\/www.tokopedia.com\/spatoola\/gula-aren-cair-palm-sugar-syrup-barista-500g-kopi-susu-mahavita-500g?extParam=ivf%3Dfalse%26keyword%3Dgula+aren%26src%3Dsearch",
    "search_query":"gula aren",
    "weight_kg":0.5,
    "price_per_kg":56000.0,
    "0":null,
    "1":null
  },
  {
    "_id":{
      "$oid":"684903437013c07662ad8c13"
    },
    "timestamp_scrape":"2025-06-11T11:16:32.006359",
    "ecommerce":"Tokopedia",
    "product_name":"Kopi TOP Gula Aren Kopi Instant Gula Aren Renceng",
    "price_raw":"Rp20.306",
    "price_clean":20306.0,
    "shop_name":"3F Retail",
    "location":"Lokasi tidak tersedia",
    "sold_count_raw":"2rb+ terjual",
    "sold_count_clean":2000.0,
    "product_url":"https:\/\/www.tokopedia.com\/3fretail\/kopi-top-gula-aren-kopi-instant-gula-aren-renceng?extParam=ivf%3Dfalse%26keyword%3Dgula+aren%26src%3Dsearch",
    "search_query":"gula aren",
    "weight_kg":null,
    "price_per_kg":null,
    "0":null,
    "1":null
  },
  {
    "_id":{
      "$oid":"684903437013c07662ad8c14"
    },
    "timestamp_scrape":"2025-06-11T11:16:32.604166",
    "ecommerce":"Tokopedia",
    "product_name":"Gula Aren Bubuk\/ Gula Semut\/ Gulare Powder",
    "price_raw":"Rp31.000",
    "price_clean":31000.0,
    "shop_name":"Blue Shop (BS)",
    "location":"Lokasi tidak tersedia",
    "sold_count_raw":"40+ terjual",
    "sold_count_clean":40.0,
    "product_url":"https:\/\/www.tokopedia.com\/-blueshop-\/gula-aren-bubuk-gula-semut-gulare-powder-500-gram-34173?extParam=ivf%3Dfalse%26keyword%3Dgula+aren%26src%3Dsearch",
    "search_query":"gula aren",
    "weight_kg":null,
    "price_per_kg":null,
    "0":null,
    "1":null
  },
  {
    "_id":{
      "$oid":"684903437013c07662ad8c17"
    },
    "timestamp_scrape":"2025-06-11T11:17:03.171110",
    "ecommerce":"Tokopedia",
    "product_name":"Gula Aren Kopoe kopoe 1liter",
    "price_raw":"Rp56.700",
    "price_clean":56700.0,
    "shop_name":"tokobahankueseisei",
    "location":"Lokasi tidak tersedia",
    "sold_count_raw":"30+ terjual",
    "sold_count_clean":30.0,
    "product_url":"https:\/\/www.tokopedia.com\/tokobahankueseisei\/gula-aren-kopoe-kopoe-1liter?extParam=ivf%3Dfalse%26keyword%3Dgula+aren%26src%3Dsearch",
    "search_query":"gula aren",
    "weight_kg":1.0,
    "price_per_kg":56700.0,
    "0":null,
    "1":null
  },
  {
    "_id":{
      "$oid":"684903437013c07662ad8c18"
    },
    "timestamp_scrape":"2025-06-11T11:17:03.791629",
    "ecommerce":"Tokopedia",
    "product_name":"Organic Arenga Palm Sugar \/ Gula Semut Aren Organik",
    "price_raw":"Rp23.500",
    "price_clean":23500.0,
    "shop_name":"Gold Palm",
    "location":"Lokasi tidak tersedia",
    "sold_count_raw":"70+ terjual",
    "sold_count_clean":70.0,
    "product_url":"https:\/\/www.tokopedia.com\/goldpalm\/organic-arenga-palm-sugar-gula-semut-aren-organik-500-gram?extParam=ivf%3Dfalse%26keyword%3Dgula+aren%26src%3Dsearch",
    "search_query":"gula aren",
    "weight_kg":null,
    "price_per_kg":null,
    "0":null,
    "1":null
  },
  {
    "_id":{
      "$oid":"684903437013c07662ad8c1a"
    },
    "timestamp_scrape":"2025-06-11T11:17:05.021436",
    "ecommerce":"Tokopedia",
    "product_name":"KOPI BUBUK INSTAN TOP COFFEE GULA AREN 22g RENCENG ISI 15 BUNGKUS",
    "price_raw":"Rp20.664",
    "price_clean":20664.0,
    "shop_name":"Super Sembako",
    "location":"Lokasi tidak tersedia",
    "sold_count_raw":"7 terjual",
    "sold_count_clean":7.0,
    "product_url":"https:\/\/www.tokopedia.com\/super-sembako\/kopi-bubuk-instan-top-coffee-gula-aren-22g-renceng-isi-15-bungkus-1729652544213846197?extParam=ivf%3Dfalse%26keyword%3Dgula+aren%26src%3Dsearch",
    "search_query":"gula aren",
    "weight_kg":0.022,
    "price_per_kg":939272.7272727273,
    "0":null,
    "1":null
  },
  {
    "_id":null,
    "timestamp_scrape":null,
    "ecommerce":null,
    "product_name":null,
    "price_raw":null,
    "price_clean":null,
    "shop_name":null,
    "location":null,
    "sold_count_raw":null,
    "sold_count_clean":null,
    "product_url":null,
    "search_query":null,
    "weight_kg":null,
    "price_per_kg":null,
    "0":"cair",
    "1":"umum"
  },
  {
    "_id":null,
    "timestamp_scrape":null,
    "ecommerce":null,
    "product_name":null,
    "price_raw":null,
    "price_clean":null,
    "shop_name":null,
    "location":null,
    "sold_count_raw":null,
    "sold_count_clean":null,
    "product_url":null,
    "search_query":null,
    "weight_kg":null,
    "price_per_kg":null,
    "0":"lain",
    "1":"umum"
  },
  {
    "_id":null,
    "timestamp_scrape":null,
    "ecommerce":null,
    "product_name":null,
    "price_raw":null,
    "price_clean":null,
    "shop_name":null,
    "location":null,
    "sold_count_raw":null,
    "sold_count_clean":null,
    "product_url":null,
    "search_query":null,
    "weight_kg":null,
    "price_per_kg":null,
    "0":"cair",
    "1":"murni"
  },
  {
    "_id":null,
    "timestamp_scrape":null,
    "ecommerce":null,
    "product_name":null,
    "price_raw":null,
    "price_clean":null,
    "shop_name":null,
    "location":null,
    "sold_count_raw":null,
    "sold_count_clean":null,
    "product_url":null,
    "search_query":null,
    "weight_kg":null,
    "price_per_kg":null,
    "0":"lain",
    "1":"umum"
  },
  {
    "_id":null,
    "timestamp_scrape":null,
    "ecommerce":null,
    "product_name":null,
    "price_raw":null,
    "price_clean":null,
    "shop_name":null,
    "location":null,
    "sold_count_raw":null,
    "sold_count_clean":null,
    "product_url":null,
    "search_query":null,
    "weight_kg":null,
    "price_per_kg":null,
    "0":"lain",
    "1":"umum"
  },
  {
    "_id":null,
    "timestamp_scrape":null,
    "ecommerce":null,
    "product_name":null,
    "price_raw":null,
    "price_clean":null,
    "shop_name":null,
    "location":null,
    "sold_count_raw":null,
    "sold_count_clean":null,
    "product_url":null,
    "search_query":null,
    "weight_kg":null,
    "price_per_kg":null,
    "0":"cair",
    "1":"umum"
  },
  {
    "_id":null,
    "timestamp_scrape":null,
    "ecommerce":null,
    "product_name":null,
    "price_raw":null,
    "price_clean":null,
    "shop_name":null,
    "location":null,
    "sold_count_raw":null,
    "sold_count_clean":null,
    "product_url":null,
    "search_query":null,
    "weight_kg":null,
    "price_per_kg":null,
    "0":"cair",
    "1":"umum"
  },
  {
    "_id":null,
    "timestamp_scrape":null,
    "ecommerce":null,
    "product_name":null,
    "price_raw":null,
    "price_clean":null,
    "shop_name":null,
    "location":null,
    "sold_count_raw":null,
    "sold_count_clean":null,
    "product_url":null,
    "search_query":null,
    "weight_kg":null,
    "price_per_kg":null,
    "0":"cair",
    "1":"umum"
  },
  {
    "_id":null,
    "timestamp_scrape":null,
    "ecommerce":null,
    "product_name":null,
    "price_raw":null,
    "price_clean":null,
    "shop_name":null,
    "location":null,
    "sold_count_raw":null,
    "sold_count_clean":null,
    "product_url":null,
    "search_query":null,
    "weight_kg":null,
    "price_per_kg":null,
    "0":"bubuk",
    "1":"umum"
  },
  {
    "_id":null,
    "timestamp_scrape":null,
    "ecommerce":null,
    "product_name":null,
    "price_raw":null,
    "price_clean":null,
    "shop_name":null,
    "location":null,
    "sold_count_raw":null,
    "sold_count_clean":null,
    "product_url":null,
    "search_query":null,
    "weight_kg":null,
    "price_per_kg":null,
    "0":"lain",
    "1":"umum"
  },
  {
    "_id":null,
    "timestamp_scrape":null,
    "ecommerce":null,
    "product_name":null,
    "price_raw":null,
    "price_clean":null,
    "shop_name":null,
    "location":null,
    "sold_count_raw":null,
    "sold_count_clean":null,
    "product_url":null,
    "search_query":null,
    "weight_kg":null,
    "price_per_kg":null,
    "0":"lain",
    "1":"umum"
  },
  {
    "_id":null,
    "timestamp_scrape":null,
    "ecommerce":null,
    "product_name":null,
    "price_raw":null,
    "price_clean":null,
    "shop_name":null,
    "location":null,
    "sold_count_raw":null,
    "sold_count_clean":null,
    "product_url":null,
    "search_query":null,
    "weight_kg":null,
    "price_per_kg":null,
    "0":"cair",
    "1":"murni"
  },
  {
    "_id":null,
    "timestamp_scrape":null,
    "ecommerce":null,
    "product_name":null,
    "price_raw":null,
    "price_clean":null,
    "shop_name":null,
    "location":null,
    "sold_count_raw":null,
    "sold_count_clean":null,
    "product_url":null,
    "search_query":null,
    "weight_kg":null,
    "price_per_kg":null,
    "0":"cair",
    "1":"umum"
  },
  {
    "_id":null,
    "timestamp_scrape":null,
    "ecommerce":null,
    "product_name":null,
    "price_raw":null,
    "price_clean":null,
    "shop_name":null,
    "location":null,
    "sold_count_raw":null,
    "sold_count_clean":null,
    "product_url":null,
    "search_query":null,
    "weight_kg":null,
    "price_per_kg":null,
    "0":"lain",
    "1":"umum"
  },
  {
    "_id":null,
    "timestamp_scrape":null,
    "ecommerce":null,
    "product_name":null,
    "price_raw":null,
    "price_clean":null,
    "shop_name":null,
    "location":null,
    "sold_count_raw":null,
    "sold_count_clean":null,
    "product_url":null,
    "search_query":null,
    "weight_kg":null,
    "price_per_kg":null,
    "0":"cair",
    "1":"umum"
  },
  {
    "_id":null,
    "timestamp_scrape":null,
    "ecommerce":null,
    "product_name":null,
    "price_raw":null,
    "price_clean":null,
    "shop_name":null,
    "location":null,
    "sold_count_raw":null,
    "sold_count_clean":null,
    "product_url":null,
    "search_query":null,
    "weight_kg":null,
    "price_per_kg":null,
    "0":"bubuk",
    "1":"organik"
  },
  {
    "_id":null,
    "timestamp_scrape":null,
    "ecommerce":null,
    "product_name":null,
    "price_raw":null,
    "price_clean":null,
    "shop_name":null,
    "location":null,
    "sold_count_raw":null,
    "sold_count_clean":null,
    "product_url":null,
    "search_query":null,
    "weight_kg":null,
    "price_per_kg":null,
    "0":"lain",
    "1":"umum"
  },
  {
    "_id":null,
    "timestamp_scrape":null,
    "ecommerce":null,
    "product_name":null,
    "price_raw":null,
    "price_clean":null,
    "shop_name":null,
    "location":null,
    "sold_count_raw":null,
    "sold_count_clean":null,
    "product_url":null,
    "search_query":null,
    "weight_kg":null,
    "price_per_kg":null,
    "0":"cair",
    "1":"organik"
  },
  {
    "_id":null,
    "timestamp_scrape":null,
    "ecommerce":null,
    "product_name":null,
    "price_raw":null,
    "price_clean":null,
    "shop_name":null,
    "location":null,
    "sold_count_raw":null,
    "sold_count_clean":null,
    "product_url":null,
    "search_query":null,
    "weight_kg":null,
    "price_per_kg":null,
    "0":"lain",
    "1":"umum"
  },
  {
    "_id":null,
    "timestamp_scrape":null,
    "ecommerce":null,
    "product_name":null,
    "price_raw":null,
    "price_clean":null,
    "shop_name":null,
    "location":null,
    "sold_count_raw":null,
    "sold_count_clean":null,
    "product_url":null,
    "search_query":null,
    "weight_kg":null,
    "price_per_kg":null,
    "0":"bubuk",
    "1":"umum"
  },
  {
    "_id":null,
    "timestamp_scrape":null,
    "ecommerce":null,
    "product_name":null,
    "price_raw":null,
    "price_clean":null,
    "shop_name":null,
    "location":null,
    "sold_count_raw":null,
    "sold_count_clean":null,
    "product_url":null,
    "search_query":null,
    "weight_kg":null,
    "price_per_kg":null,
    "0":"lain",
    "1":"umum"
  },
  {
    "_id":null,
    "timestamp_scrape":null,
    "ecommerce":null,
    "product_name":null,
    "price_raw":null,
    "price_clean":null,
    "shop_name":null,
    "location":null,
    "sold_count_raw":null,
    "sold_count_clean":null,
    "product_url":null,
    "search_query":null,
    "weight_kg":null,
    "price_per_kg":null,
    "0":"bubuk",
    "1":"umum"
  },
  {
    "_id":null,
    "timestamp_scrape":null,
    "ecommerce":null,
    "product_name":null,
    "price_raw":null,
    "price_clean":null,
    "shop_name":null,
    "location":null,
    "sold_count_raw":null,
    "sold_count_clean":null,
    "product_url":null,
    "search_query":null,
    "weight_kg":null,
    "price_per_kg":null,
    "0":"cair",
    "1":"murni"
  },
  {
    "_id":null,
    "timestamp_scrape":null,
    "ecommerce":null,
    "product_name":null,
    "price_raw":null,
    "price_clean":null,
    "shop_name":null,
    "location":null,
    "sold_count_raw":null,
    "sold_count_clean":null,
    "product_url":null,
    "search_query":null,
    "weight_kg":null,
    "price_per_kg":null,
    "0":"bubuk",
    "1":"umum"
  },
  {
    "_id":null,
    "timestamp_scrape":null,
    "ecommerce":null,
    "product_name":null,
    "price_raw":null,
    "price_clean":null,
    "shop_name":null,
    "location":null,
    "sold_count_raw":null,
    "sold_count_clean":null,
    "product_url":null,
    "search_query":null,
    "weight_kg":null,
    "price_per_kg":null,
    "0":"bubuk",
    "1":"organik"
  },
  {
    "_id":null,
    "timestamp_scrape":null,
    "ecommerce":null,
    "product_name":null,
    "price_raw":null,
    "price_clean":null,
    "shop_name":null,
    "location":null,
    "sold_count_raw":null,
    "sold_count_clean":null,
    "product_url":null,
    "search_query":null,
    "weight_kg":null,
    "price_per_kg":null,
    "0":"cair",
    "1":"umum"
  },
  {
    "_id":null,
    "timestamp_scrape":null,
    "ecommerce":null,
    "product_name":null,
    "price_raw":null,
    "price_clean":null,
    "shop_name":null,
    "location":null,
    "sold_count_raw":null,
    "sold_count_clean":null,
    "product_url":null,
    "search_query":null,
    "weight_kg":null,
    "price_per_kg":null,
    "0":"lain",
    "1":"umum"
  },
  {
    "_id":null,
    "timestamp_scrape":null,
    "ecommerce":null,
    "product_name":null,
    "price_raw":null,
    "price_clean":null,
    "shop_name":null,
    "location":null,
    "sold_count_raw":null,
    "sold_count_clean":null,
    "product_url":null,
    "search_query":null,
    "weight_kg":null,
    "price_per_kg":null,
    "0":"lain",
    "1":"umum"
  },
  {
    "_id":null,
    "timestamp_scrape":null,
    "ecommerce":null,
    "product_name":null,
    "price_raw":null,
    "price_clean":null,
    "shop_name":null,
    "location":null,
    "sold_count_raw":null,
    "sold_count_clean":null,
    "product_url":null,
    "search_query":null,
    "weight_kg":null,
    "price_per_kg":null,
    "0":"lain",
    "1":"umum"
  },
  {
    "_id":null,
    "timestamp_scrape":null,
    "ecommerce":null,
    "product_name":null,
    "price_raw":null,
    "price_clean":null,
    "shop_name":null,
    "location":null,
    "sold_count_raw":null,
    "sold_count_clean":null,
    "product_url":null,
    "search_query":null,
    "weight_kg":null,
    "price_per_kg":null,
    "0":"cair",
    "1":"organik"
  },
  {
    "_id":null,
    "timestamp_scrape":null,
    "ecommerce":null,
    "product_name":null,
    "price_raw":null,
    "price_clean":null,
    "shop_name":null,
    "location":null,
    "sold_count_raw":null,
    "sold_count_clean":null,
    "product_url":null,
    "search_query":null,
    "weight_kg":null,
    "price_per_kg":null,
    "0":"bubuk",
    "1":"umum"
  },
  {
    "_id":null,
    "timestamp_scrape":null,
    "ecommerce":null,
    "product_name":null,
    "price_raw":null,
    "price_clean":null,
    "shop_name":null,
    "location":null,
    "sold_count_raw":null,
    "sold_count_clean":null,
    "product_url":null,
    "search_query":null,
    "weight_kg":null,
    "price_per_kg":null,
    "0":"lain",
    "1":"umum"
  },
  {
    "_id":null,
    "timestamp_scrape":null,
    "ecommerce":null,
    "product_name":null,
    "price_raw":null,
    "price_clean":null,
    "shop_name":null,
    "location":null,
    "sold_count_raw":null,
    "sold_count_clean":null,
    "product_url":null,
    "search_query":null,
    "weight_kg":null,
    "price_per_kg":null,
    "0":"lain",
    "1":"umum"
  },
  {
    "_id":null,
    "timestamp_scrape":null,
    "ecommerce":null,
    "product_name":null,
    "price_raw":null,
    "price_clean":null,
    "shop_name":null,
    "location":null,
    "sold_count_raw":null,
    "sold_count_clean":null,
    "product_url":null,
    "search_query":null,
    "weight_kg":null,
    "price_per_kg":null,
    "0":"lain",
    "1":"umum"
  },
  {
    "_id":null,
    "timestamp_scrape":null,
    "ecommerce":null,
    "product_name":null,
    "price_raw":null,
    "price_clean":null,
    "shop_name":null,
    "location":null,
    "sold_count_raw":null,
    "sold_count_clean":null,
    "product_url":null,
    "search_query":null,
    "weight_kg":null,
    "price_per_kg":null,
    "0":"lain",
    "1":"umum"
  },
  {
    "_id":null,
    "timestamp_scrape":null,
    "ecommerce":null,
    "product_name":null,
    "price_raw":null,
    "price_clean":null,
    "shop_name":null,
    "location":null,
    "sold_count_raw":null,
    "sold_count_clean":null,
    "product_url":null,
    "search_query":null,
    "weight_kg":null,
    "price_per_kg":null,
    "0":"lain",
    "1":"umum"
  },
  {
    "_id":null,
    "timestamp_scrape":null,
    "ecommerce":null,
    "product_name":null,
    "price_raw":null,
    "price_clean":null,
    "shop_name":null,
    "location":null,
    "sold_count_raw":null,
    "sold_count_clean":null,
    "product_url":null,
    "search_query":null,
    "weight_kg":null,
    "price_per_kg":null,
    "0":"lain",
    "1":"umum"
  },
  {
    "_id":null,
    "timestamp_scrape":null,
    "ecommerce":null,
    "product_name":null,
    "price_raw":null,
    "price_clean":null,
    "shop_name":null,
    "location":null,
    "sold_count_raw":null,
    "sold_count_clean":null,
    "product_url":null,
    "search_query":null,
    "weight_kg":null,
    "price_per_kg":null,
    "0":"bubuk",
    "1":"organik"
  },
  {
    "_id":null,
    "timestamp_scrape":null,
    "ecommerce":null,
    "product_name":null,
    "price_raw":null,
    "price_clean":null,
    "shop_name":null,
    "location":null,
    "sold_count_raw":null,
    "sold_count_clean":null,
    "product_url":null,
    "search_query":null,
    "weight_kg":null,
    "price_per_kg":null,
    "0":"cair",
    "1":"murni"
  },
  {
    "_id":null,
    "timestamp_scrape":null,
    "ecommerce":null,
    "product_name":null,
    "price_raw":null,
    "price_clean":null,
    "shop_name":null,
    "location":null,
    "sold_count_raw":null,
    "sold_count_clean":null,
    "product_url":null,
    "search_query":null,
    "weight_kg":null,
    "price_per_kg":null,
    "0":"bubuk",
    "1":"umum"
  },
  {
    "_id":null,
    "timestamp_scrape":null,
    "ecommerce":null,
    "product_name":null,
    "price_raw":null,
    "price_clean":null,
    "shop_name":null,
    "location":null,
    "sold_count_raw":null,
    "sold_count_clean":null,
    "product_url":null,
    "search_query":null,
    "weight_kg":null,
    "price_per_kg":null,
    "0":"lain",
    "1":"umum"
  },
  {
    "_id":null,
    "timestamp_scrape":null,
    "ecommerce":null,
    "product_name":null,
    "price_raw":null,
    "price_clean":null,
    "shop_name":null,
    "location":null,
    "sold_count_raw":null,
    "sold_count_clean":null,
    "product_url":null,
    "search_query":null,
    "weight_kg":null,
    "price_per_kg":null,
    "0":"lain",
    "1":"umum"
  },
  {
    "_id":null,
    "timestamp_scrape":null,
    "ecommerce":null,
    "product_name":null,
    "price_raw":null,
    "price_clean":null,
    "shop_name":null,
    "location":null,
    "sold_count_raw":null,
    "sold_count_clean":null,
    "product_url":null,
    "search_query":null,
    "weight_kg":null,
    "price_per_kg":null,
    "0":"lain",
    "1":"umum"
  },
  {
    "_id":null,
    "timestamp_scrape":null,
    "ecommerce":null,
    "product_name":null,
    "price_raw":null,
    "price_clean":null,
    "shop_name":null,
    "location":null,
    "sold_count_raw":null,
    "sold_count_clean":null,
    "product_url":null,
    "search_query":null,
    "weight_kg":null,
    "price_per_kg":null,
    "0":"lain",
    "1":"umum"
  },
  {
    "_id":null,
    "timestamp_scrape":null,
    "ecommerce":null,
    "product_name":null,
    "price_raw":null,
    "price_clean":null,
    "shop_name":null,
    "location":null,
    "sold_count_raw":null,
    "sold_count_clean":null,
    "product_url":null,
    "search_query":null,
    "weight_kg":null,
    "price_per_kg":null,
    "0":"lain",
    "1":"umum"
  },
  {
    "_id":null,
    "timestamp_scrape":null,
    "ecommerce":null,
    "product_name":null,
    "price_raw":null,
    "price_clean":null,
    "shop_name":null,
    "location":null,
    "sold_count_raw":null,
    "sold_count_clean":null,
    "product_url":null,
    "search_query":null,
    "weight_kg":null,
    "price_per_kg":null,
    "0":"lain",
    "1":"umum"
  },
  {
    "_id":null,
    "timestamp_scrape":null,
    "ecommerce":null,
    "product_name":null,
    "price_raw":null,
    "price_clean":null,
    "shop_name":null,
    "location":null,
    "sold_count_raw":null,
    "sold_count_clean":null,
    "product_url":null,
    "search_query":null,
    "weight_kg":null,
    "price_per_kg":null,
    "0":"bubuk",
    "1":"umum"
  },
  {
    "_id":null,
    "timestamp_scrape":null,
    "ecommerce":null,
    "product_name":null,
    "price_raw":null,
    "price_clean":null,
    "shop_name":null,
    "location":null,
    "sold_count_raw":null,
    "sold_count_clean":null,
    "product_url":null,
    "search_query":null,
    "weight_kg":null,
    "price_per_kg":null,
    "0":"bubuk",
    "1":"umum"
  },
  {
    "_id":null,
    "timestamp_scrape":null,
    "ecommerce":null,
    "product_name":null,
    "price_raw":null,
    "price_clean":null,
    "shop_name":null,
    "location":null,
    "sold_count_raw":null,
    "sold_count_clean":null,
    "product_url":null,
    "search_query":null,
    "weight_kg":null,
    "price_per_kg":null,
    "0":"lain",
    "1":"murni"
  },
  {
    "_id":null,
    "timestamp_scrape":null,
    "ecommerce":null,
    "product_name":null,
    "price_raw":null,
    "price_clean":null,
    "shop_name":null,
    "location":null,
    "sold_count_raw":null,
    "sold_count_clean":null,
    "product_url":null,
    "search_query":null,
    "weight_kg":null,
    "price_per_kg":null,
    "0":"lain",
    "1":"umum"
  },
  {
    "_id":null,
    "timestamp_scrape":null,
    "ecommerce":null,
    "product_name":null,
    "price_raw":null,
    "price_clean":null,
    "shop_name":null,
    "location":null,
    "sold_count_raw":null,
    "sold_count_clean":null,
    "product_url":null,
    "search_query":null,
    "weight_kg":null,
    "price_per_kg":null,
    "0":"lain",
    "1":"umum"
  },
  {
    "_id":null,
    "timestamp_scrape":null,
    "ecommerce":null,
    "product_name":null,
    "price_raw":null,
    "price_clean":null,
    "shop_name":null,
    "location":null,
    "sold_count_raw":null,
    "sold_count_clean":null,
    "product_url":null,
    "search_query":null,
    "weight_kg":null,
    "price_per_kg":null,
    "0":"lain",
    "1":"umum"
  },
  {
    "_id":null,
    "timestamp_scrape":null,
    "ecommerce":null,
    "product_name":null,
    "price_raw":null,
    "price_clean":null,
    "shop_name":null,
    "location":null,
    "sold_count_raw":null,
    "sold_count_clean":null,
    "product_url":null,
    "search_query":null,
    "weight_kg":null,
    "price_per_kg":null,
    "0":"lain",
    "1":"umum"
  },
  {
    "_id":null,
    "timestamp_scrape":null,
    "ecommerce":null,
    "product_name":null,
    "price_raw":null,
    "price_clean":null,
    "shop_name":null,
    "location":null,
    "sold_count_raw":null,
    "sold_count_clean":null,
    "product_url":null,
    "search_query":null,
    "weight_kg":null,
    "price_per_kg":null,
    "0":"bubuk",
    "1":"umum"
  },
  {
    "_id":null,
    "timestamp_scrape":null,
    "ecommerce":null,
    "product_name":null,
    "price_raw":null,
    "price_clean":null,
    "shop_name":null,
    "location":null,
    "sold_count_raw":null,
    "sold_count_clean":null,
    "product_url":null,
    "search_query":null,
    "weight_kg":null,
    "price_per_kg":null,
    "0":"lain",
    "1":"umum"
  },
  {
    "_id":null,
    "timestamp_scrape":null,
    "ecommerce":null,
    "product_name":null,
    "price_raw":null,
    "price_clean":null,
    "shop_name":null,
    "location":null,
    "sold_count_raw":null,
    "sold_count_clean":null,
    "product_url":null,
    "search_query":null,
    "weight_kg":null,
    "price_per_kg":null,
    "0":"lain",
    "1":"umum"
  },
  {
    "_id":null,
    "timestamp_scrape":null,
    "ecommerce":null,
    "product_name":null,
    "price_raw":null,
    "price_clean":null,
    "shop_name":null,
    "location":null,
    "sold_count_raw":null,
    "sold_count_clean":null,
    "product_url":null,
    "search_query":null,
    "weight_kg":null,
    "price_per_kg":null,
    "0":"lain",
    "1":"umum"
  },
  {
    "_id":null,
    "timestamp_scrape":null,
    "ecommerce":null,
    "product_name":null,
    "price_raw":null,
    "price_clean":null,
    "shop_name":null,
    "location":null,
    "sold_count_raw":null,
    "sold_count_clean":null,
    "product_url":null,
    "search_query":null,
    "weight_kg":null,
    "price_per_kg":null,
    "0":"lain",
    "1":"umum"
  },
  {
    "_id":null,
    "timestamp_scrape":null,
    "ecommerce":null,
    "product_name":null,
    "price_raw":null,
    "price_clean":null,
    "shop_name":null,
    "location":null,
    "sold_count_raw":null,
    "sold_count_clean":null,
    "product_url":null,
    "search_query":null,
    "weight_kg":null,
    "price_per_kg":null,
    "0":"lain",
    "1":"umum"
  },
  {
    "_id":null,
    "timestamp_scrape":null,
    "ecommerce":null,
    "product_name":null,
    "price_raw":null,
    "price_clean":null,
    "shop_name":null,
    "location":null,
    "sold_count_raw":null,
    "sold_count_clean":null,
    "product_url":null,
    "search_query":null,
    "weight_kg":null,
    "price_per_kg":null,
    "0":"bubuk",
    "1":"murni"
  },
  {
    "_id":null,
    "timestamp_scrape":null,
    "ecommerce":null,
    "product_name":null,
    "price_raw":null,
    "price_clean":null,
    "shop_name":null,
    "location":null,
    "sold_count_raw":null,
    "sold_count_clean":null,
    "product_url":null,
    "search_query":null,
    "weight_kg":null,
    "price_per_kg":null,
    "0":"lain",
    "1":"umum"
  },
  {
    "_id":null,
    "timestamp_scrape":null,
    "ecommerce":null,
    "product_name":null,
    "price_raw":null,
    "price_clean":null,
    "shop_name":null,
    "location":null,
    "sold_count_raw":null,
    "sold_count_clean":null,
    "product_url":null,
    "search_query":null,
    "weight_kg":null,
    "price_per_kg":null,
    "0":"cair",
    "1":"umum"
  },
  {
    "_id":null,
    "timestamp_scrape":null,
    "ecommerce":null,
    "product_name":null,
    "price_raw":null,
    "price_clean":null,
    "shop_name":null,
    "location":null,
    "sold_count_raw":null,
    "sold_count_clean":null,
    "product_url":null,
    "search_query":null,
    "weight_kg":null,
    "price_per_kg":null,
    "0":"cair",
    "1":"umum"
  },
  {
    "_id":null,
    "timestamp_scrape":null,
    "ecommerce":null,
    "product_name":null,
    "price_raw":null,
    "price_clean":null,
    "shop_name":null,
    "location":null,
    "sold_count_raw":null,
    "sold_count_clean":null,
    "product_url":null,
    "search_query":null,
    "weight_kg":null,
    "price_per_kg":null,
    "0":"cair",
    "1":"umum"
  },
  {
    "_id":null,
    "timestamp_scrape":null,
    "ecommerce":null,
    "product_name":null,
    "price_raw":null,
    "price_clean":null,
    "shop_name":null,
    "location":null,
    "sold_count_raw":null,
    "sold_count_clean":null,
    "product_url":null,
    "search_query":null,
    "weight_kg":null,
    "price_per_kg":null,
    "0":"cair",
    "1":"umum"
  },
  {
    "_id":null,
    "timestamp_scrape":null,
    "ecommerce":null,
    "product_name":null,
    "price_raw":null,
    "price_clean":null,
    "shop_name":null,
    "location":null,
    "sold_count_raw":null,
    "sold_count_clean":null,
    "product_url":null,
    "search_query":null,
    "weight_kg":null,
    "price_per_kg":null,
    "0":"bubuk",
    "1":"organik"
  },
  {
    "_id":null,
    "timestamp_scrape":null,
    "ecommerce":null,
    "product_name":null,
    "price_raw":null,
    "price_clean":null,
    "shop_name":null,
    "location":null,
    "sold_count_raw":null,
    "sold_count_clean":null,
    "product_url":null,
    "search_query":null,
    "weight_kg":null,
    "price_per_kg":null,
    "0":"cair",
    "1":"umum"
  },
  {
    "_id":null,
    "timestamp_scrape":null,
    "ecommerce":null,
    "product_name":null,
    "price_raw":null,
    "price_clean":null,
    "shop_name":null,
    "location":null,
    "sold_count_raw":null,
    "sold_count_clean":null,
    "product_url":null,
    "search_query":null,
    "weight_kg":null,
    "price_per_kg":null,
    "0":"lain",
    "1":"umum"
  },
  {
    "_id":null,
    "timestamp_scrape":null,
    "ecommerce":null,
    "product_name":null,
    "price_raw":null,
    "price_clean":null,
    "shop_name":null,
    "location":null,
    "sold_count_raw":null,
    "sold_count_clean":null,
    "product_url":null,
    "search_query":null,
    "weight_kg":null,
    "price_per_kg":null,
    "0":"lain",
    "1":"umum"
  },
  {
    "_id":null,
    "timestamp_scrape":null,
    "ecommerce":null,
    "product_name":null,
    "price_raw":null,
    "price_clean":null,
    "shop_name":null,
    "location":null,
    "sold_count_raw":null,
    "sold_count_clean":null,
    "product_url":null,
    "search_query":null,
    "weight_kg":null,
    "price_per_kg":null,
    "0":"lain",
    "1":"umum"
  },
  {
    "_id":null,
    "timestamp_scrape":null,
    "ecommerce":null,
    "product_name":null,
    "price_raw":null,
    "price_clean":null,
    "shop_name":null,
    "location":null,
    "sold_count_raw":null,
    "sold_count_clean":null,
    "product_url":null,
    "search_query":null,
    "weight_kg":null,
    "price_per_kg":null,
    "0":"lain",
    "1":"umum"
  },
  {
    "_id":null,
    "timestamp_scrape":null,
    "ecommerce":null,
    "product_name":null,
    "price_raw":null,
    "price_clean":null,
    "shop_name":null,
    "location":null,
    "sold_count_raw":null,
    "sold_count_clean":null,
    "product_url":null,
    "search_query":null,
    "weight_kg":null,
    "price_per_kg":null,
    "0":"cair",
    "1":"murni"
  },
  {
    "_id":null,
    "timestamp_scrape":null,
    "ecommerce":null,
    "product_name":null,
    "price_raw":null,
    "price_clean":null,
    "shop_name":null,
    "location":null,
    "sold_count_raw":null,
    "sold_count_clean":null,
    "product_url":null,
    "search_query":null,
    "weight_kg":null,
    "price_per_kg":null,
    "0":"lain",
    "1":"umum"
  },
  {
    "_id":null,
    "timestamp_scrape":null,
    "ecommerce":null,
    "product_name":null,
    "price_raw":null,
    "price_clean":null,
    "shop_name":null,
    "location":null,
    "sold_count_raw":null,
    "sold_count_clean":null,
    "product_url":null,
    "search_query":null,
    "weight_kg":null,
    "price_per_kg":null,
    "0":"bubuk",
    "1":"umum"
  },
  {
    "_id":null,
    "timestamp_scrape":null,
    "ecommerce":null,
    "product_name":null,
    "price_raw":null,
    "price_clean":null,
    "shop_name":null,
    "location":null,
    "sold_count_raw":null,
    "sold_count_clean":null,
    "product_url":null,
    "search_query":null,
    "weight_kg":null,
    "price_per_kg":null,
    "0":"lain",
    "1":"umum"
  },
  {
    "_id":null,
    "timestamp_scrape":null,
    "ecommerce":null,
    "product_name":null,
    "price_raw":null,
    "price_clean":null,
    "shop_name":null,
    "location":null,
    "sold_count_raw":null,
    "sold_count_clean":null,
    "product_url":null,
    "search_query":null,
    "weight_kg":null,
    "price_per_kg":null,
    "0":"lain",
    "1":"umum"
  },
  {
    "_id":null,
    "timestamp_scrape":null,
    "ecommerce":null,
    "product_name":null,
    "price_raw":null,
    "price_clean":null,
    "shop_name":null,
    "location":null,
    "sold_count_raw":null,
    "sold_count_clean":null,
    "product_url":null,
    "search_query":null,
    "weight_kg":null,
    "price_per_kg":null,
    "0":"bubuk",
    "1":"organik"
  },
  {
    "_id":null,
    "timestamp_scrape":null,
    "ecommerce":null,
    "product_name":null,
    "price_raw":null,
    "price_clean":null,
    "shop_name":null,
    "location":null,
    "sold_count_raw":null,
    "sold_count_clean":null,
    "product_url":null,
    "search_query":null,
    "weight_kg":null,
    "price_per_kg":null,
    "0":"lain",
    "1":"umum"
  },
  {
    "_id":null,
    "timestamp_scrape":null,
    "ecommerce":null,
    "product_name":null,
    "price_raw":null,
    "price_clean":null,
    "shop_name":null,
    "location":null,
    "sold_count_raw":null,
    "sold_count_clean":null,
    "product_url":null,
    "search_query":null,
    "weight_kg":null,
    "price_per_kg":null,
    "0":"bubuk",
    "1":"umum"
  },
  {
    "_id":null,
    "timestamp_scrape":null,
    "ecommerce":null,
    "product_name":null,
    "price_raw":null,
    "price_clean":null,
    "shop_name":null,
    "location":null,
    "sold_count_raw":null,
    "sold_count_clean":null,
    "product_url":null,
    "search_query":null,
    "weight_kg":null,
    "price_per_kg":null,
    "0":"lain",
    "1":"umum"
  },
  {
    "_id":null,
    "timestamp_scrape":null,
    "ecommerce":null,
    "product_name":null,
    "price_raw":null,
    "price_clean":null,
    "shop_name":null,
    "location":null,
    "sold_count_raw":null,
    "sold_count_clean":null,
    "product_url":null,
    "search_query":null,
    "weight_kg":null,
    "price_per_kg":null,
    "0":"bubuk",
    "1":"umum"
  },
  {
    "_id":null,
    "timestamp_scrape":null,
    "ecommerce":null,
    "product_name":null,
    "price_raw":null,
    "price_clean":null,
    "shop_name":null,
    "location":null,
    "sold_count_raw":null,
    "sold_count_clean":null,
    "product_url":null,
    "search_query":null,
    "weight_kg":null,
    "price_per_kg":null,
    "0":"lain",
    "1":"umum"
  },
  {
    "_id":null,
    "timestamp_scrape":null,
    "ecommerce":null,
    "product_name":null,
    "price_raw":null,
    "price_clean":null,
    "shop_name":null,
    "location":null,
    "sold_count_raw":null,
    "sold_count_clean":null,
    "product_url":null,
    "search_query":null,
    "weight_kg":null,
    "price_per_kg":null,
    "0":"cair",
    "1":"umum"
  },
  {
    "_id":null,
    "timestamp_scrape":null,
    "ecommerce":null,
    "product_name":null,
    "price_raw":null,
    "price_clean":null,
    "shop_name":null,
    "location":null,
    "sold_count_raw":null,
    "sold_count_clean":null,
    "product_url":null,
    "search_query":null,
    "weight_kg":null,
    "price_per_kg":null,
    "0":"cair",
    "1":"umum"
  },
  {
    "_id":null,
    "timestamp_scrape":null,
    "ecommerce":null,
    "product_name":null,
    "price_raw":null,
    "price_clean":null,
    "shop_name":null,
    "location":null,
    "sold_count_raw":null,
    "sold_count_clean":null,
    "product_url":null,
    "search_query":null,
    "weight_kg":null,
    "price_per_kg":null,
    "0":"lain",
    "1":"umum"
  }
]