[
  {
    "_id":{
      "$oid":"684910517013c07662ad8e0f"
    },
    "timestamp_scrape":"2025-06-11T11:40:19.662180",
    "ecommerce":"Tokopedia",
    "product_name":"ONES BBQ 2.5 Kg | Briket Arang Batok Kelapa - Coconut Charcoal for BBQ",
    "price_raw":"Rp63.000",
    "price_clean":63000.0,
    "shop_name":"ONEs BBQ",
    "sold_count_raw":"1rb+ terjual",
    "sold_count_clean":1000.0,
    "product_url":"https:\/\/www.tokopedia.com\/onesbbq\/ones-bbq-2-5-kg-briket-arang-batok-kelapa-coconut-charcoal-for-bbq?extParam=ivf%3Dfalse%26keyword%3Dbriket+kelapa&src=topads",
    "search_query":"briket kelapa",
    "weight_kg":2.5,
    "price_per_kg":25200.0,
    "0":"lain",
    "1":"bbq",
    "2":"lokal"
  },
  {
    "_id":{
      "$oid":"684910517013c07662ad8e10"
    },
    "timestamp_scrape":"2025-06-11T11:40:20.262455",
    "ecommerce":"Tokopedia",
    "product_name":"Arang Briket Export Quality, Local Price 9 kg",
    "price_raw":"Rp80.000",
    "price_clean":80000.0,
    "shop_name":"Enfood",
    "sold_count_raw":"2rb+ terjual",
    "sold_count_clean":2000.0,
    "product_url":"https:\/\/www.tokopedia.com\/enfood\/arang-briket-export-quality-local-price-9-kg?extParam=ivf%3Dtrue%26keyword%3Dbriket+kelapa&src=topads",
    "search_query":"briket kelapa",
    "weight_kg":9.0,
    "price_per_kg":8888.8888888889,
    "0":"lain",
    "1":"lain",
    "2":"export"
  },
  {
    "_id":{
      "$oid":"684910517013c07662ad8e11"
    },
    "timestamp_scrape":"2025-06-11T11:40:20.863433",
    "ecommerce":"Tokopedia",
    "product_name":"briket arang batok kelapa 1 kg kemasan",
    "price_raw":"Rp5.500",
    "price_clean":5500.0,
    "shop_name":"maju djaya sekawan",
    "sold_count_raw":"500+ terjual",
    "sold_count_clean":500.0,
    "product_url":"https:\/\/www.tokopedia.com\/archive-haura212\/briket-arang-batok-kelapa-1-kg-kemasan?extParam=ivf%3Dfalse%26keyword%3Dbriket+kelapa%26search_id%3D202506110440015B8ADD2A5D98B1209PL5%26src%3Dsearch",
    "search_query":"briket kelapa",
    "weight_kg":1.0,
    "price_per_kg":5500.0,
    "0":"lain",
    "1":"lain",
    "2":"lokal"
  },
  {
    "_id":{
      "$oid":"684910517013c07662ad8e12"
    },
    "timestamp_scrape":"2025-06-11T11:40:21.469667",
    "ecommerce":"Tokopedia",
    "product_name":"Briket Arang Batok Kelapa dan Arang Kayu Hexagonal",
    "price_raw":"Rp8.500",
    "price_clean":8500.0,
    "shop_name":"dCharcoal dot com",
    "sold_count_raw":"10rb+ terjual",
    "sold_count_clean":10000.0,
    "product_url":"https:\/\/www.tokopedia.com\/dcharcoalcom\/briket-arang-batok-kelapa-dan-arang-kayu-hexagonal?extParam=ivf%3Dfalse%26keyword%3Dbriket+kelapa%26search_id%3D202506110440015B8ADD2A5D98B1209PL5%26src%3Dsearch",
    "search_query":"briket kelapa",
    "weight_kg":null,
    "price_per_kg":null,
    "0":"hexagonal",
    "1":"lain",
    "2":"lokal"
  },
  {
    "_id":{
      "$oid":"684910517013c07662ad8e14"
    },
    "timestamp_scrape":"2025-06-11T11:40:22.667970",
    "ecommerce":"Tokopedia",
    "product_name":"ARANG briket kelapa 1kg",
    "price_raw":"Rp9.000",
    "price_clean":9000.0,
    "shop_name":"TOKTOKGO",
    "sold_count_raw":"250+ terjual",
    "sold_count_clean":250.0,
    "product_url":"https:\/\/www.tokopedia.com\/toktokgo\/arang-briket-kelapa-1kg?extParam=ivf%3Dfalse%26keyword%3Dbriket+kelapa%26search_id%3D202506110440015B8ADD2A5D98B1209PL5%26src%3Dsearch",
    "search_query":"briket kelapa",
    "weight_kg":1.0,
    "price_per_kg":9000.0,
    "0":"lain",
    "1":"lain",
    "2":"lokal"
  },
  {
    "_id":{
      "$oid":"684910517013c07662ad8e15"
    },
    "timestamp_scrape":"2025-06-11T11:40:23.276826",
    "ecommerce":"Tokopedia",
    "product_name":"Briket Arang Batok Tempurung Kelapa Cetak Rendah Asap Siap Untuk Pemanas Tungku Panggangan Cisa WMO AB2",
    "price_raw":"Rp6.000",
    "price_clean":6000.0,
    "shop_name":"WarnaMendut",
    "sold_count_raw":"30+ terjual",
    "sold_count_clean":30.0,
    "product_url":"https:\/\/www.tokopedia.com\/warnamendut\/briket-arang-batok-tempurung-kelapa-cetak-rendah-asap-siap-untuk-pemanas-tungku-panggangan-cisa-wmo-ab2-2-5x2-5cm-500gr-2c4a0?extParam=ivf%3Dfalse%26keyword%3Dbriket+kelapa%26search_id%3D202506110440015B8ADD2A5D98B1209PL5%26src%3Dsearch",
    "search_query":"briket kelapa",
    "weight_kg":null,
    "price_per_kg":null,
    "0":"lain",
    "1":"bbq",
    "2":"lokal"
  },
  {
    "_id":{
      "$oid":"684910517013c07662ad8e16"
    },
    "timestamp_scrape":"2025-06-11T11:40:23.876008",
    "ecommerce":"Tokopedia",
    "product_name":"Optima Arang Briket Kelapa 1 Kg Lite BBQ",
    "price_raw":"Rp18.000",
    "price_clean":18000.0,
    "shop_name":"Optima Arang Briket",
    "sold_count_raw":"1rb+ terjual",
    "sold_count_clean":1000.0,
    "product_url":"https:\/\/www.tokopedia.com\/optimaarangbatok\/optima-arang-briket-kelapa-1-kg-lite-bbq-1729734411370792266?extParam=ivf%3Dfalse%26keyword%3Dbriket+kelapa%26search_id%3D202506110440015B8ADD2A5D98B1209PL5%26src%3Dsearch",
    "search_query":"briket kelapa",
    "weight_kg":1.0,
    "price_per_kg":18000.0,
    "0":"hexagonal",
    "1":"bbq",
    "2":"lokal"
  },
  {
    "_id":{
      "$oid":"684910517013c07662ad8e17"
    },
    "timestamp_scrape":"2025-06-11T11:40:24.478694",
    "ecommerce":"Tokopedia",
    "product_name":"HI-COOK Arang BBQ Finger Hexagonal - Briket Arang Batok Kelapa Briket",
    "price_raw":"Rp75.000",
    "price_clean":75000.0,
    "shop_name":"Piranti Semarang",
    "sold_count_raw":"50+ terjual",
    "sold_count_clean":50.0,
    "product_url":"https:\/\/www.tokopedia.com\/pirantismg\/hi-cook-arang-bbq-finger-hexagonal-briket-arang-batok-kelapa-briket-besar?extParam=ivf%3Dfalse%26keyword%3Dbriket+kelapa%26search_id%3D202506110440015B8ADD2A5D98B1209PL5%26src%3Dsearch",
    "search_query":"briket kelapa",
    "weight_kg":null,
    "price_per_kg":null,
    "0":"lain",
    "1":"lain",
    "2":"lokal"
  },
  {
    "_id":{
      "$oid":"684910517013c07662ad8e18"
    },
    "timestamp_scrape":"2025-06-11T11:40:25.082339",
    "ecommerce":"Tokopedia",
    "product_name":"Areng Briket Arang Briket Areng Magic Arang Magic Arang Batok Kelapa",
    "price_raw":"Rp10.000",
    "price_clean":10000.0,
    "shop_name":"Malfa Onlineshop",
    "sold_count_raw":"100+ terjual",
    "sold_count_clean":100.0,
    "product_url":"https:\/\/www.tokopedia.com\/malfaonlineshop\/areng-briket-arang-briket-areng-magic-arang-magic-arang-batok-kelapa-bulat-589aa?extParam=ivf%3Dfalse%26keyword%3Dbriket+kelapa%26search_id%3D202506110440015B8ADD2A5D98B1209PL5%26src%3Dsearch",
    "search_query":"briket kelapa",
    "weight_kg":null,
    "price_per_kg":null,
    "0":"lain",
    "1":"lain",
    "2":"lokal"
  },
  {
    "_id":{
      "$oid":"684910517013c07662ad8e19"
    },
    "timestamp_scrape":"2025-06-11T11:40:25.700214",
    "ecommerce":"Tokopedia",
    "product_name":"COCO FAST GRILL BRIKET ARANG KELAPA 2PCS",
    "price_raw":"Rp59.900",
    "price_clean":59900.0,
    "shop_name":"Bandung Hardware",
    "sold_count_raw":"100+ terjual",
    "sold_count_clean":100.0,
    "product_url":"https:\/\/www.tokopedia.com\/bandunghardware\/coco-fast-grill-briket-arang-kelapa-2pcs?extParam=ivf%3Dfalse%26keyword%3Dbriket+kelapa%26search_id%3D202506110440015B8ADD2A5D98B1209PL5%26src%3Dsearch",
    "search_query":"briket kelapa",
    "weight_kg":null,
    "price_per_kg":null,
    "0":"lain",
    "1":"lain",
    "2":"lokal"
  },
  {
    "_id":{
      "$oid":"684910517013c07662ad8e1a"
    },
    "timestamp_scrape":"2025-06-11T11:40:26.310131",
    "ecommerce":"Tokopedia",
    "product_name":"Arang briket batok kelapa 1kg murah",
    "price_raw":"Rp15.000",
    "price_clean":15000.0,
    "shop_name":"CR3online",
    "sold_count_raw":"250+ terjual",
    "sold_count_clean":250.0,
    "product_url":"https:\/\/www.tokopedia.com\/cr3online\/arang-briket-batok-kelapa-1kg-murah-1730947752284882406?extParam=ivf%3Dfalse%26keyword%3Dbriket+kelapa%26search_id%3D202506110440015B8ADD2A5D98B1209PL5%26src%3Dsearch",
    "search_query":"briket kelapa",
    "weight_kg":1.0,
    "price_per_kg":15000.0,
    "0":"lain",
    "1":"bbq",
    "2":"lokal"
  },
  {
    "_id":{
      "$oid":"684910517013c07662ad8e1b"
    },
    "timestamp_scrape":"2025-06-11T11:40:26.911308",
    "ecommerce":"Tokopedia",
    "product_name":"Briket Batok Kelapa Arang BBQ Grill Charcoal Arang Sate Charcoal 1kg",
    "price_raw":"Rp25.000",
    "price_clean":25000.0,
    "shop_name":"Belanja RetailOnline",
    "sold_count_raw":"100+ terjual",
    "sold_count_clean":100.0,
    "product_url":"https:\/\/www.tokopedia.com\/belanja-retailonline\/briket-batok-kelapa-arang-bbq-grill-charcoal-arang-sate-charcoal-1kg?extParam=ivf%3Dfalse%26keyword%3Dbriket+kelapa%26search_id%3D202506110440015B8ADD2A5D98B1209PL5%26src%3Dsearch",
    "search_query":"briket kelapa",
    "weight_kg":1.0,
    "price_per_kg":25000.0,
    "0":"lain",
    "1":"lain",
    "2":"export"
  },
  {
    "_id":{
      "$oid":"684910517013c07662ad8e1e"
    },
    "timestamp_scrape":"2025-06-11T11:40:52.655716",
    "ecommerce":"Tokopedia",
    "product_name":"Briket Arang Batok Kelapa Super Premium Kualitas Ekspor - 1 Kg",
    "price_raw":"Rp39.550",
    "price_clean":39550.0,
    "shop_name":"Rumah Kasturi",
    "sold_count_raw":"30+ terjual",
    "sold_count_clean":30.0,
    "product_url":"https:\/\/www.tokopedia.com\/mitra-buruoriental\/briket-arang-batok-kelapa-super-premium-kualitas-ekspor-1-kg?extParam=ivf%3Dfalse%26keyword%3Dbriket+kelapa%26src%3Dsearch",
    "search_query":"briket kelapa",
    "weight_kg":1.0,
    "price_per_kg":39550.0,
    "0":"lain",
    "1":"lain",
    "2":"export"
  },
  {
    "_id":{
      "$oid":"684910517013c07662ad8e1f"
    },
    "timestamp_scrape":"2025-06-11T11:40:53.252346",
    "ecommerce":"Tokopedia",
    "product_name":"Tepung SXPRO Pemutih dan Penetral Abu Arang Briket Batok Kelapa",
    "price_raw":"Rp230.000",
    "price_clean":230000.0,
    "shop_name":"Salvia Salvila",
    "sold_count_raw":"80+ terjual",
    "sold_count_clean":80.0,
    "product_url":"https:\/\/www.tokopedia.com\/salviasalvila\/tepung-sxpro-pemutih-dan-penetral-abu-arang-briket-batok-kelapa?extParam=ivf%3Dfalse%26keyword%3Dbriket+kelapa%26src%3Dsearch",
    "search_query":"briket kelapa",
    "weight_kg":null,
    "price_per_kg":null,
    "0":"cube",
    "1":"bbq",
    "2":"lokal"
  },
  {
    "_id":{
      "$oid":"684910517013c07662ad8e20"
    },
    "timestamp_scrape":"2025-06-11T11:40:53.848326",
    "ecommerce":"Tokopedia",
    "product_name":"arang briket BBQ - areng briquette hexagonal kelapa kualitas ekspor",
    "price_raw":"Rp4.500",
    "price_clean":4500.0,
    "shop_name":"Tora Online Shop",
    "sold_count_raw":"70+ terjual",
    "sold_count_clean":70.0,
    "product_url":"https:\/\/www.tokopedia.com\/toraonlineshop\/arang-briket-bbq-areng-briquette-hexagonal-kelapa-kualitas-ekspor-250-gr?extParam=ivf%3Dfalse%26keyword%3Dbriket+kelapa%26src%3Dsearch",
    "search_query":"briket kelapa",
    "weight_kg":null,
    "price_per_kg":null,
    "0":"lain",
    "1":"bbq",
    "2":"lokal"
  },
  {
    "_id":{
      "$oid":"684910517013c07662ad8e21"
    },
    "timestamp_scrape":"2025-06-11T11:40:54.457654",
    "ecommerce":"Tokopedia",
    "product_name":"ARANG BRIKET KELAPA 1 KG EXPORT Q FREE BUBBLE WRAP + DUS !!",
    "price_raw":"Rp10.500",
    "price_clean":10500.0,
    "shop_name":"WL-Mania",
    "sold_count_raw":"500+ terjual",
    "sold_count_clean":500.0,
    "product_url":"https:\/\/www.tokopedia.com\/wl-mania\/arang-briket-kelapa-1-kg-export-q-free-bubble-wrap-dus?extParam=ivf%3Dfalse%26keyword%3Dbriket+kelapa%26src%3Dsearch",
    "search_query":"briket kelapa",
    "weight_kg":1.0,
    "price_per_kg":10500.0,
    "0":"lain",
    "1":"lain",
    "2":"lokal"
  },
  {
    "_id":{
      "$oid":"684910517013c07662ad8e22"
    },
    "timestamp_scrape":"2025-06-11T11:40:55.060932",
    "ecommerce":"Tokopedia",
    "product_name":"1KG Arang Briket Batok Kelapa BBQ SISHA MEDIUM Quality - Cube Kotak",
    "price_raw":"Rp13.000",
    "price_clean":13000.0,
    "shop_name":"BBQKU",
    "sold_count_raw":"250+ terjual",
    "sold_count_clean":250.0,
    "product_url":"https:\/\/www.tokopedia.com\/bbqku\/1kg-arang-briket-batok-kelapa-bbq-sisha-medium-quality-cube-kotak?extParam=ivf%3Dfalse%26keyword%3Dbriket+kelapa%26src%3Dsearch",
    "search_query":"briket kelapa",
    "weight_kg":1.0,
    "price_per_kg":13000.0,
    "0":"lain",
    "1":"lain",
    "2":"lokal"
  },
  {
    "_id":{
      "$oid":"684910517013c07662ad8e23"
    },
    "timestamp_scrape":"2025-06-11T11:40:55.689497",
    "ecommerce":"Tokopedia",
    "product_name":"BRIKET ARANG BATOK KELAPA - UNTUK RATUS , SISHA , BBQ DLL",
    "price_raw":"Rp9.000",
    "price_clean":9000.0,
    "shop_name":"adentavinta Shop",
    "sold_count_raw":"100+ terjual",
    "sold_count_clean":100.0,
    "product_url":"https:\/\/www.tokopedia.com\/adentavintashop\/briket-arang-batok-kelapa-untuk-ratus-sisha-bbq-dll?extParam=ivf%3Dfalse%26keyword%3Dbriket+kelapa%26src%3Dsearch",
    "search_query":"briket kelapa",
    "weight_kg":null,
    "price_per_kg":null,
    "0":"lain",
    "1":"bbq",
    "2":"lokal"
  },
  {
    "_id":{
      "$oid":"684910517013c07662ad8e24"
    },
    "timestamp_scrape":"2025-06-11T11:40:56.318463",
    "ecommerce":"Tokopedia",
    "product_name":"briket arang batok kelapa isi 1kg",
    "price_raw":"Rp9.000",
    "price_clean":9000.0,
    "shop_name":"Indomas Jaya",
    "sold_count_raw":"3 terjual",
    "sold_count_clean":3.0,
    "product_url":"https:\/\/www.tokopedia.com\/indomasjaya\/briket-arang-batok-kelapa-isi-1kg?extParam=ivf%3Dfalse%26keyword%3Dbriket+kelapa%26src%3Dsearch",
    "search_query":"briket kelapa",
    "weight_kg":1.0,
    "price_per_kg":9000.0,
    "0":"lain",
    "1":"lain",
    "2":"lokal"
  },
  {
    "_id":{
      "$oid":"684910517013c07662ad8e25"
    },
    "timestamp_scrape":"2025-06-11T11:40:56.914373",
    "ecommerce":"Tokopedia",
    "product_name":"Arang \/ Areng Batok Kelapa - Briket",
    "price_raw":"Rp4.294",
    "price_clean":4294.0,
    "shop_name":"inang perabot",
    "sold_count_raw":"30+ terjual",
    "sold_count_clean":30.0,
    "product_url":"https:\/\/www.tokopedia.com\/inangperabot\/arang-areng-batok-kelapa-briket?extParam=ivf%3Dfalse%26keyword%3Dbriket+kelapa%26src%3Dsearch",
    "search_query":"briket kelapa",
    "weight_kg":null,
    "price_per_kg":null,
    "0":"lain",
    "1":"lain",
    "2":"lokal"
  },
  {
    "_id":{
      "$oid":"684910517013c07662ad8e26"
    },
    "timestamp_scrape":"2025-06-11T11:40:57.508995",
    "ecommerce":"Tokopedia",
    "product_name":"Ace Arang Briket Batok Kelapa BBQ Premium Quality 3kg",
    "price_raw":"Rp85.000",
    "price_clean":85000.0,
    "shop_name":"Wiliam store",
    "sold_count_raw":"18 terjual",
    "sold_count_clean":18.0,
    "product_url":"https:\/\/www.tokopedia.com\/japos\/ace-arang-briket-batok-kelapa-bbq-premium-quality-3kg?extParam=ivf%3Dfalse%26keyword%3Dbriket+kelapa%26src%3Dsearch",
    "search_query":"briket kelapa",
    "weight_kg":3.0,
    "price_per_kg":28333.3333333333,
    "0":"lain",
    "1":"lain",
    "2":"export"
  },
  {
    "_id":{
      "$oid":"684910517013c07662ad8e27"
    },
    "timestamp_scrape":"2025-06-11T11:40:58.112346",
    "ecommerce":"Tokopedia",
    "product_name":"Briket arang batok kelapa",
    "price_raw":"Rp25.000",
    "price_clean":25000.0,
    "shop_name":"Andi Fortuna",
    "sold_count_raw":"100+ terjual",
    "sold_count_clean":100.0,
    "product_url":"https:\/\/www.tokopedia.com\/andifortuna\/briket-arang-batok-kelapa?extParam=ivf%3Dfalse%26keyword%3Dbriket+kelapa%26src%3Dsearch",
    "search_query":"briket kelapa",
    "weight_kg":null,
    "price_per_kg":null,
    "0":"lain",
    "1":"shisha",
    "2":"export"
  },
  {
    "_id":{
      "$oid":"684910517013c07662ad8e28"
    },
    "timestamp_scrape":"2025-06-11T11:40:58.714437",
    "ecommerce":"Tokopedia",
    "product_name":"COCO FAST GRILL BRIKET ARANG KELAPA 2PCS",
    "price_raw":"Rp52.800",
    "price_clean":52800.0,
    "shop_name":"mtpeach",
    "sold_count_raw":"19 terjual",
    "sold_count_clean":19.0,
    "product_url":"https:\/\/www.tokopedia.com\/mtpeach\/coco-fast-grill-briket-arang-kelapa-2pcs?extParam=ivf%3Dfalse%26keyword%3Dbriket+kelapa%26src%3Dsearch",
    "search_query":"briket kelapa",
    "weight_kg":null,
    "price_per_kg":null,
    "0":"lain",
    "1":"bbq",
    "2":"lokal"
  },
  {
    "_id":{
      "$oid":"684910517013c07662ad8e2b"
    },
    "timestamp_scrape":"2025-06-11T11:41:23.535729",
    "ecommerce":"Tokopedia",
    "product_name":"Briket Arang 100% Batok Kelapa kualitas ekspor",
    "price_raw":"Rp12.600",
    "price_clean":12600.0,
    "shop_name":"GalataStore",
    "sold_count_raw":"8 terjual",
    "sold_count_clean":8.0,
    "product_url":"https:\/\/www.tokopedia.com\/galatastore\/briket-arang-100-batok-kelapa-kualitas-ekspor-1729583846514460869?extParam=ivf%3Dfalse%26keyword%3Dbriket+kelapa%26src%3Dsearch",
    "search_query":"briket kelapa",
    "weight_kg":null,
    "price_per_kg":null,
    "0":"cube",
    "1":"lain",
    "2":"lokal"
  },
  {
    "_id":{
      "$oid":"684910517013c07662ad8e2c"
    },
    "timestamp_scrape":"2025-06-11T11:41:24.144305",
    "ecommerce":"Tokopedia",
    "product_name":"Areng\/Briket\/ Bara kualitas Ekspor batok kelapa shisha\/bbq",
    "price_raw":"Rp30.000",
    "price_clean":30000.0,
    "shop_name":"Multazam Shisha",
    "sold_count_raw":"27 terjual",
    "sold_count_clean":27.0,
    "product_url":"https:\/\/www.tokopedia.com\/multazamshisha\/areng-briket-bara-kualitas-ekspor-batok-kelapa-shisha-bbq?extParam=ivf%3Dfalse%26keyword%3Dbriket+kelapa%26src%3Dsearch",
    "search_query":"briket kelapa",
    "weight_kg":null,
    "price_per_kg":null,
    "0":"cube",
    "1":"lain",
    "2":"lokal"
  },
  {
    "_id":{
      "$oid":"684910517013c07662ad8e2d"
    },
    "timestamp_scrape":"2025-06-11T11:41:24.751202",
    "ecommerce":"Tokopedia",
    "product_name":"1kg Arang Briket BBQ Kualitas Import Ramah Lingkungan Arang Hitam Tempurung Kelapa Non Asap",
    "price_raw":"Rp27.600",
    "price_clean":27600.0,
    "shop_name":"SALOBI",
    "sold_count_raw":"1 terjual",
    "sold_count_clean":1.0,
    "product_url":"https:\/\/www.tokopedia.com\/salobi\/1kg-arang-briket-bbq-kualitas-import-ramah-lingkungan-arang-hitam-tempurung-kelapa-non-asap-1731533572264986494?extParam=ivf%3Dfalse%26keyword%3Dbriket+kelapa%26src%3Dsearch",
    "search_query":"briket kelapa",
    "weight_kg":1.0,
    "price_per_kg":27600.0,
    "0":"lain",
    "1":"lain",
    "2":"lokal"
  },
  {
    "_id":{
      "$oid":"684910517013c07662ad8e2e"
    },
    "timestamp_scrape":"2025-06-11T11:41:25.349776",
    "ecommerce":"Tokopedia",
    "product_name":"Briket Arang Batok Kelapa Premium Quality Export",
    "price_raw":"Rp11.000",
    "price_clean":11000.0,
    "shop_name":"Nurlaela Syarif olshop",
    "sold_count_raw":"18 terjual",
    "sold_count_clean":18.0,
    "product_url":"https:\/\/www.tokopedia.com\/nurlaela-syarif\/briket-arang-batok-kelapa-premium-quality-export?extParam=ivf%3Dfalse%26keyword%3Dbriket+kelapa%26src%3Dsearch",
    "search_query":"briket kelapa",
    "weight_kg":null,
    "price_per_kg":null,
    "0":"lain",
    "1":"lain",
    "2":"lokal"
  },
  {
    "_id":{
      "$oid":"684910517013c07662ad8e2f"
    },
    "timestamp_scrape":"2025-06-11T11:41:25.945230",
    "ecommerce":"Tokopedia",
    "product_name":"ARANG BRIKET KELAPA BBQ BARBEQUE 1 KG SATE GRILL KAFE RESTO",
    "price_raw":"Rp8.820",
    "price_clean":8820.0,
    "shop_name":"Maxiz Store",
    "sold_count_raw":"25 terjual",
    "sold_count_clean":25.0,
    "product_url":"https:\/\/www.tokopedia.com\/maxizstore\/arang-briket-kelapa-bbq-barbeque-1-kg-sate-grill-kafe-resto?extParam=ivf%3Dfalse%26keyword%3Dbriket+kelapa%26src%3Dsearch",
    "search_query":"briket kelapa",
    "weight_kg":1.0,
    "price_per_kg":8820.0,
    "0":"cube",
    "1":"bbq",
    "2":"lokal"
  },
  {
    "_id":{
      "$oid":"684910517013c07662ad8e30"
    },
    "timestamp_scrape":"2025-06-11T11:41:26.553235",
    "ecommerce":"Tokopedia",
    "product_name":"Arang Briket Batok Kelapa Cube (kubus) kemasan dus isi 10kg",
    "price_raw":"Rp103.000",
    "price_clean":103000.0,
    "shop_name":"Cipta Cahaya Baru",
    "sold_count_raw":"8 terjual",
    "sold_count_clean":8.0,
    "product_url":"https:\/\/www.tokopedia.com\/cipta-cahaya-baru\/arang-briket-batok-kelapa-cube-kubus-kemasan-dus-isi-10kg?extParam=ivf%3Dfalse%26keyword%3Dbriket+kelapa%26src%3Dsearch",
    "search_query":"briket kelapa",
    "weight_kg":10.0,
    "price_per_kg":10300.0,
    "0":"lain",
    "1":"lain",
    "2":"lokal"
  },
  {
    "_id":{
      "$oid":"684910517013c07662ad8e31"
    },
    "timestamp_scrape":"2025-06-11T11:41:27.156621",
    "ecommerce":"Tokopedia",
    "product_name":"Arang Briket Cube Batok Kelapa Original Kemasan  250 gr",
    "price_raw":"Rp8.000",
    "price_clean":8000.0,
    "shop_name":"Toko Surabaya",
    "sold_count_raw":"60+ terjual",
    "sold_count_clean":60.0,
    "product_url":"https:\/\/www.tokopedia.com\/toko-surabaya-783\/arang-briket-cube-batok-kelapa-original-kemasan-250-gr-1729752451735062244?extParam=ivf%3Dfalse%26keyword%3Dbriket+kelapa%26src%3Dsearch",
    "search_query":"briket kelapa",
    "weight_kg":0.25,
    "price_per_kg":32000.0,
    "0":"lain",
    "1":"lain",
    "2":"export"
  },
  {
    "_id":{
      "$oid":"684910517013c07662ad8e32"
    },
    "timestamp_scrape":"2025-06-11T11:41:27.780042",
    "ecommerce":"Tokopedia",
    "product_name":"briket arang batok kelapa 1 kg 1kg areng",
    "price_raw":"Rp7.000",
    "price_clean":7000.0,
    "shop_name":"mbahe manifold",
    "sold_count_raw":"80+ terjual",
    "sold_count_clean":80.0,
    "product_url":"https:\/\/www.tokopedia.com\/manifold\/briket-arang-batok-kelapa-1-kg-1kg-areng?extParam=ivf%3Dfalse%26keyword%3Dbriket+kelapa%26src%3Dsearch",
    "search_query":"briket kelapa",
    "weight_kg":1.0,
    "price_per_kg":7000.0,
    "0":"lain",
    "1":"lain",
    "2":"lokal"
  },
  {
    "_id":{
      "$oid":"684910517013c07662ad8e33"
    },
    "timestamp_scrape":"2025-06-11T11:41:28.377727",
    "ecommerce":"Tokopedia",
    "product_name":"BOX PACKAGING BRIKET ARANG BATOK KELAPA",
    "price_raw":"Rp1.700",
    "price_clean":1700.0,
    "shop_name":"INDOBOX PACKAGING",
    "sold_count_raw":"6 terjual",
    "sold_count_clean":6.0,
    "product_url":"https:\/\/www.tokopedia.com\/indobox\/box-packaging-briket-arang-batok-kelapa?extParam=ivf%3Dfalse%26keyword%3Dbriket+kelapa%26src%3Dsearch",
    "search_query":"briket kelapa",
    "weight_kg":null,
    "price_per_kg":null,
    "0":"cube",
    "1":"shisha",
    "2":"lokal"
  },
  {
    "_id":{
      "$oid":"684910517013c07662ad8e34"
    },
    "timestamp_scrape":"2025-06-11T11:41:28.990155",
    "ecommerce":"Tokopedia",
    "product_name":"Arang Briket Cube Kubus Kotak Batok Kelapa BBQ",
    "price_raw":"Rp6.800",
    "price_clean":6800.0,
    "shop_name":"khoirberkah",
    "sold_count_raw":"3 terjual",
    "sold_count_clean":3.0,
    "product_url":"https:\/\/www.tokopedia.com\/khoirberkah\/arang-briket-cube-kubus-kotak-batok-kelapa-bbq?extParam=ivf%3Dfalse%26keyword%3Dbriket+kelapa%26src%3Dsearch",
    "search_query":"briket kelapa",
    "weight_kg":null,
    "price_per_kg":null,
    "0":"lain",
    "1":"bbq",
    "2":"lokal"
  },
  {
    "_id":{
      "$oid":"684910517013c07662ad8e35"
    },
    "timestamp_scrape":"2025-06-11T11:41:29.590431",
    "ecommerce":"Tokopedia",
    "product_name":"ARANG BAKAR BRIKET MAGIC BATOK KELAPA\/PEMBAKAR KAYU GAHARU BUHUR",
    "price_raw":"Rp12.000",
    "price_clean":12000.0,
    "shop_name":"skyoudindonesia",
    "sold_count_raw":"30+ terjual",
    "sold_count_clean":30.0,
    "product_url":"https:\/\/www.tokopedia.com\/skyoudindonesia\/arang-bakar-briket-magic-batok-kelapa-pembakar-kayu-gaharu-buhur?extParam=ivf%3Dfalse%26keyword%3Dbriket+kelapa%26src%3Dsearch",
    "search_query":"briket kelapa",
    "weight_kg":null,
    "price_per_kg":null,
    "0":"lain",
    "1":"lain",
    "2":"lokal"
  },
  {
    "_id":{
      "$oid":"684910517013c07662ad8e38"
    },
    "timestamp_scrape":"2025-06-11T11:41:56.004167",
    "ecommerce":"Tokopedia",
    "product_name":"Arang Batok Kelapa - Bahan Briket Kualitas Ekspor Kitchenware",
    "price_raw":"Rp15.000",
    "price_clean":15000.0,
    "shop_name":"Abizard berkah indonesia",
    "sold_count_raw":"100+ terjual",
    "sold_count_clean":100.0,
    "product_url":"https:\/\/www.tokopedia.com\/abizard-berkah-indonesia\/arang-batok-kelapa-bahan-briket-kualitas-ekspor-kitchenware-1729905418677291561?extParam=ivf%3Dfalse%26keyword%3Dbriket+kelapa%26src%3Dsearch",
    "search_query":"briket kelapa",
    "weight_kg":null,
    "price_per_kg":null,
    "0":"lain",
    "1":"lain",
    "2":"lokal"
  },
  {
    "_id":{
      "$oid":"684910517013c07662ad8e39"
    },
    "timestamp_scrape":"2025-06-11T11:41:56.607410",
    "ecommerce":"Tokopedia",
    "product_name":"Arang Briket Batok Kelapa Super Premium 500 gr",
    "price_raw":"Rp12.500",
    "price_clean":12500.0,
    "shop_name":"Masboy Olshop 020",
    "sold_count_raw":"1 terjual",
    "sold_count_clean":1.0,
    "product_url":"https:\/\/www.tokopedia.com\/masboyolshop020\/arang-briket-batok-kelapa-super-premium-500-gr?extParam=ivf%3Dfalse%26keyword%3Dbriket+kelapa%26src%3Dsearch",
    "search_query":"briket kelapa",
    "weight_kg":0.5,
    "price_per_kg":25000.0,
    "0":"hexagonal",
    "1":"bbq",
    "2":"lokal"
  },
  {
    "_id":{
      "$oid":"684910517013c07662ad8e3b"
    },
    "timestamp_scrape":"2025-06-11T11:41:57.810002",
    "ecommerce":"Tokopedia",
    "product_name":"Arang Briket Batok Kelapa 500grm Kotak Super Premium Shisha BBQ",
    "price_raw":"Rp15.000",
    "price_clean":15000.0,
    "shop_name":"CV. Tampurung Jaya Utama",
    "sold_count_raw":"100+ terjual",
    "sold_count_clean":100.0,
    "product_url":"https:\/\/www.tokopedia.com\/tampurungjaya\/arang-briket-batok-kelapa-500grm-kotak-super-premium-shisha-bbq?extParam=ivf%3Dfalse%26keyword%3Dbriket+kelapa%26src%3Dsearch",
    "search_query":"briket kelapa",
    "weight_kg":0.5,
    "price_per_kg":30000.0,
    "0":"lain",
    "1":"lain",
    "2":"lokal"
  },
  {
    "_id":{
      "$oid":"684910517013c07662ad8e3c"
    },
    "timestamp_scrape":"2025-06-11T11:41:58.413983",
    "ecommerce":"Tokopedia",
    "product_name":"Arang Briket Balok Batok Kelapa BBQ Barbeque ( Kemasan 1 Kg )",
    "price_raw":"Rp9.000",
    "price_clean":9000.0,
    "shop_name":"Arang House Briket_NEW",
    "sold_count_raw":"2 terjual",
    "sold_count_clean":2.0,
    "product_url":"https:\/\/www.tokopedia.com\/arang-house-briket\/arang-briket-balok-batok-kelapa-bbq-barbeque-kemasan-1-kg-1729888682985687458?extParam=ivf%3Dfalse%26keyword%3Dbriket+kelapa%26src%3Dsearch",
    "search_query":"briket kelapa",
    "weight_kg":1.0,
    "price_per_kg":9000.0,
    "0":"cube",
    "1":"lain",
    "2":"lokal"
  },
  {
    "_id":{
      "$oid":"684910517013c07662ad8e3d"
    },
    "timestamp_scrape":"2025-06-11T11:41:59.018175",
    "ecommerce":"Tokopedia",
    "product_name":"Arang Briket Kualitas Import Isi 1kg Non Asap Dari Tempurung Kelapa Asli Ramah Lingkungan",
    "price_raw":"Rp27.600",
    "price_clean":27600.0,
    "shop_name":"SMART.JAYA",
    "sold_count_raw":"3 terjual",
    "sold_count_clean":3.0,
    "product_url":"https:\/\/www.tokopedia.com\/smartjaya\/arang-briket-kualitas-import-isi-1kg-non-asap-dari-tempurung-kelapa-asli-ramah-lingkungan-1731545754690750454?extParam=ivf%3Dfalse%26keyword%3Dbriket+kelapa%26src%3Dsearch",
    "search_query":"briket kelapa",
    "weight_kg":1.0,
    "price_per_kg":27600.0,
    "0":"lain",
    "1":"bbq",
    "2":"lokal"
  },
  {
    "_id":{
      "$oid":"684910517013c07662ad8e3e"
    },
    "timestamp_scrape":"2025-06-11T11:41:59.623696",
    "ecommerce":"Tokopedia",
    "product_name":"Ace Flame Briket Arang Batok Kelapa Charcoal Briquettes Coco Shell 3Kg",
    "price_raw":"Rp75.000",
    "price_clean":75000.0,
    "shop_name":"Aurora23store",
    "sold_count_raw":"13 terjual",
    "sold_count_clean":13.0,
    "product_url":"https:\/\/www.tokopedia.com\/aurora23store\/ace-flame-briket-arang-batok-kelapa-charcoal-briquettes-coco-shell-3kg?extParam=ivf%3Dfalse%26keyword%3Dbriket+kelapa%26src%3Dsearch",
    "search_query":"briket kelapa",
    "weight_kg":3.0,
    "price_per_kg":25000.0,
    "0":"cube",
    "1":"bbq",
    "2":"lokal"
  },
  {
    "_id":{
      "$oid":"684910517013c07662ad8e3f"
    },
    "timestamp_scrape":"2025-06-11T11:42:00.227836",
    "ecommerce":"Tokopedia",
    "product_name":"Arang Batok Kelapa Asli 1Kg Briket Arang Batok Kelapa Asli 1Kg Briket Arang 1 Kg",
    "price_raw":"Rp2.000",
    "price_clean":2000.0,
    "shop_name":"IT Support & Digital Marketing",
    "sold_count_raw":"8 terjual",
    "sold_count_clean":8.0,
    "product_url":"https:\/\/www.tokopedia.com\/it-support--digital-marketing\/arang-batok-kelapa-asli-1kg-briket-arang-batok-kelapa-asli-1kg-briket-arang-1-kg-1729891893558086331?extParam=ivf%3Dfalse%26keyword%3Dbriket+kelapa%26src%3Dsearch",
    "search_query":"briket kelapa",
    "weight_kg":1.0,
    "price_per_kg":2000.0,
    "0":"cube",
    "1":"lain",
    "2":"lokal"
  },
  {
    "_id":{
      "$oid":"684910517013c07662ad8e40"
    },
    "timestamp_scrape":"2025-06-11T11:42:00.825739",
    "ecommerce":"Tokopedia",
    "product_name":"Ready Arang Briket Batok Kelapa 1Kg awet tanpa asap",
    "price_raw":"Rp14.000",
    "price_clean":14000.0,
    "shop_name":"Hendri_store1",
    "sold_count_raw":"2 terjual",
    "sold_count_clean":2.0,
    "product_url":"https:\/\/www.tokopedia.com\/hendristore1-2\/ready-arang-briket-batok-kelapa-1kg-awet-tanpa-asap-hexa-10cm-1kg-81e24?extParam=ivf%3Dfalse%26keyword%3Dbriket+kelapa%26src%3Dsearch",
    "search_query":"briket kelapa",
    "weight_kg":1.0,
    "price_per_kg":14000.0,
    "0":"hexagonal",
    "1":"lain",
    "2":"lokal"
  },
  {
    "_id":{
      "$oid":"684910517013c07662ad8e41"
    },
    "timestamp_scrape":"2025-06-11T11:42:01.457166",
    "ecommerce":"Tokopedia",
    "product_name":"10 Kg Briket BBQ Residu Arang Batok Kelapa Bentuk Hexagonal",
    "price_raw":"Rp73.000",
    "price_clean":73000.0,
    "shop_name":"JO & NATHAN",
    "sold_count_raw":"13 terjual",
    "sold_count_clean":13.0,
    "product_url":"https:\/\/www.tokopedia.com\/jh909\/10-kg-briket-bbq-residu-arang-batok-kelapa-bentuk-hexagonal?extParam=ivf%3Dfalse%26keyword%3Dbriket+kelapa%26src%3Dsearch",
    "search_query":"briket kelapa",
    "weight_kg":10.0,
    "price_per_kg":7300.0,
    "0":"lain",
    "1":"lain",
    "2":"lokal"
  },
  {
    "_id":{
      "$oid":"684910517013c07662ad8e42"
    },
    "timestamp_scrape":"2025-06-11T11:42:02.093428",
    "ecommerce":"Tokopedia",
    "product_name":"KARUNIA STORE9 Arang Briket Kotak 1 Kg\/ Arang Kotak Kubus\/Areng Batok Kelapa\/ Arang Barbeque\/ Arang BBQ\/ Briket BBQ KARUNIA STORE9",
    "price_raw":"Rp12.000",
    "price_clean":12000.0,
    "shop_name":"KARUNIA STORE9",
    "sold_count_raw":"10 terjual",
    "sold_count_clean":10.0,
    "product_url":"https:\/\/www.tokopedia.com\/archive-karuniastore9-1-1737159747\/karunia-store9-arang-briket-kotak-1-kg-arang-kotak-kubus-areng-batok-kelapa-arang-barbeque-arang-bbq-briket-bbq-karunia-store9-1731444228118775310?extParam=ivf%3Dfalse%26keyword%3Dbriket+kelapa%26src%3Dsearch",
    "search_query":"briket kelapa",
    "weight_kg":1.0,
    "price_per_kg":12000.0,
    "0":"lain",
    "1":"bbq",
    "2":"lokal"
  },
  {
    "_id":{
      "$oid":"684910517013c07662ad8e43"
    },
    "timestamp_scrape":"2025-06-11T11:42:02.692556",
    "ecommerce":"Tokopedia",
    "product_name":"Arang Batok Kelapa \/ Areng Tempurung mati hampa - Briket",
    "price_raw":"Rp20.000",
    "price_clean":20000.0,
    "shop_name":"TOKO MAME_SLAMET",
    "sold_count_raw":"19 terjual",
    "sold_count_clean":19.0,
    "product_url":"https:\/\/www.tokopedia.com\/tokomame\/arang-batok-kelapa-areng-tempurung-mati-hampa-briket?extParam=ivf%3Dfalse%26keyword%3Dbriket+kelapa%26src%3Dsearch",
    "search_query":"briket kelapa",
    "weight_kg":null,
    "price_per_kg":null,
    "0":"lain",
    "1":"bbq",
    "2":"lokal"
  },
  {
    "_id":{
      "$oid":"684910517013c07662ad8e46"
    },
    "timestamp_scrape":"2025-06-11T11:42:34.787957",
    "ecommerce":"Tokopedia",
    "product_name":"SN07 Arang Briket Batok Kelapa Kotak 1 Kg isi 72 pcs",
    "price_raw":"Rp17.000",
    "price_clean":17000.0,
    "shop_name":"setianingsihdiah020",
    "sold_count_raw":"25 terjual",
    "sold_count_clean":25.0,
    "product_url":"https:\/\/www.tokopedia.com\/setianingsihdiah020\/sn07-arang-briket-batok-kelapa-kotak-1-kg-isi-72-pcs?extParam=ivf%3Dfalse%26keyword%3Dbriket+kelapa%26src%3Dsearch",
    "search_query":"briket kelapa",
    "weight_kg":1.0,
    "price_per_kg":17000.0,
    "0":"cube",
    "1":"bbq",
    "2":"lokal"
  },
  {
    "_id":{
      "$oid":"684910517013c07662ad8e47"
    },
    "timestamp_scrape":"2025-06-11T11:42:35.391636",
    "ecommerce":"Tokopedia",
    "product_name":"Arang Briket 1Kg BBQ 100% Dari Batok Kelapa",
    "price_raw":"Rp25.000",
    "price_clean":25000.0,
    "shop_name":"CV. Tampurung Jaya Utama",
    "sold_count_raw":"250+ terjual",
    "sold_count_clean":250.0,
    "product_url":"https:\/\/www.tokopedia.com\/tampurungjaya\/arang-briket-1kg-bbq-100-dari-batok-kelapa?extParam=ivf%3Dfalse%26keyword%3Dbriket+kelapa%26src%3Dsearch",
    "search_query":"briket kelapa",
    "weight_kg":1.0,
    "price_per_kg":25000.0,
    "0":"lain",
    "1":"lain",
    "2":"lokal"
  },
  {
    "_id":{
      "$oid":"684910517013c07662ad8e48"
    },
    "timestamp_scrape":"2025-06-11T11:42:36.006046",
    "ecommerce":"Tokopedia",
    "product_name":"Arang Briket BBQ Cube C25 Batok Kelapa for BBQ arang Briket",
    "price_raw":"Rp8.500",
    "price_clean":8500.0,
    "shop_name":"Dwiakhmad",
    "sold_count_raw":"16 terjual",
    "sold_count_clean":16.0,
    "product_url":"https:\/\/www.tokopedia.com\/dwiakhmad\/arang-briket-bbq-cube-c25-batok-kelapa-for-bbq-arang-briket?extParam=ivf%3Dfalse%26keyword%3Dbriket+kelapa%26src%3Dsearch",
    "search_query":"briket kelapa",
    "weight_kg":null,
    "price_per_kg":null,
    "0":"lain",
    "1":"lain",
    "2":"lokal"
  },
  {
    "_id":{
      "$oid":"684910517013c07662ad8e49"
    },
    "timestamp_scrape":"2025-06-11T11:42:36.615352",
    "ecommerce":"Tokopedia",
    "product_name":"Arang Briket cube Batok Kelapa",
    "price_raw":"Rp8.000",
    "price_clean":8000.0,
    "shop_name":"hanif han",
    "sold_count_raw":"10 terjual",
    "sold_count_clean":10.0,
    "product_url":"https:\/\/www.tokopedia.com\/hanifha-1\/arang-briket-cube-batok-kelapa-250gr-e6760?extParam=ivf%3Dfalse%26keyword%3Dbriket+kelapa%26src%3Dsearch",
    "search_query":"briket kelapa",
    "weight_kg":null,
    "price_per_kg":null,
    "0":"cube",
    "1":"lain",
    "2":"lokal"
  },
  {
    "_id":{
      "$oid":"684910517013c07662ad8e4a"
    },
    "timestamp_scrape":"2025-06-11T11:42:37.225975",
    "ecommerce":"Tokopedia",
    "product_name":"briket arang batok kelapa hexagonal 1kg",
    "price_raw":"Rp11.000",
    "price_clean":11000.0,
    "shop_name":"Joss charcoal",
    "sold_count_raw":"23 terjual",
    "sold_count_clean":23.0,
    "product_url":"https:\/\/www.tokopedia.com\/josscharcoal\/briket-arang-batok-kelapa-hexagonal-1kg?extParam=ivf%3Dfalse%26keyword%3Dbriket+kelapa%26src%3Dsearch",
    "search_query":"briket kelapa",
    "weight_kg":1.0,
    "price_per_kg":11000.0,
    "0":"lain",
    "1":"lain",
    "2":"lokal"
  },
  {
    "_id":{
      "$oid":"684910517013c07662ad8e4b"
    },
    "timestamp_scrape":"2025-06-11T11:42:37.829080",
    "ecommerce":"Tokopedia",
    "product_name":"Arang \/ Areng Batok Kelapa - Briket \/ Instant",
    "price_raw":"Rp21.900",
    "price_clean":21900.0,
    "shop_name":"izal bbq",
    "sold_count_raw":"7 terjual",
    "sold_count_clean":7.0,
    "product_url":"https:\/\/www.tokopedia.com\/isal25\/arang-areng-batok-kelapa-briket-instant-1730774603195844457?extParam=ivf%3Dfalse%26keyword%3Dbriket+kelapa%26src%3Dsearch",
    "search_query":"briket kelapa",
    "weight_kg":null,
    "price_per_kg":null,
    "0":"cube",
    "1":"bbq",
    "2":"lokal"
  },
  {
    "_id":{
      "$oid":"684910517013c07662ad8e4c"
    },
    "timestamp_scrape":"2025-06-11T11:42:38.460644",
    "ecommerce":"Tokopedia",
    "product_name":"PTR ONES BBQ 2.5 Kg | Briket Arang Batok Kelapa - Coconut Charcoal for",
    "price_raw":"Rp74.400",
    "price_clean":74400.0,
    "shop_name":"Ttaa bb",
    "sold_count_raw":"12 terjual",
    "sold_count_clean":12.0,
    "product_url":"https:\/\/www.tokopedia.com\/ttaa\/ptr-ones-bbq-2-5-kg-briket-arang-batok-kelapa-coconut-charcoal-for?extParam=ivf%3Dfalse%26keyword%3Dbriket+kelapa%26src%3Dsearch",
    "search_query":"briket kelapa",
    "weight_kg":2.5,
    "price_per_kg":29760.0,
    "0":"lain",
    "1":"bbq",
    "2":"lokal"
  },
  {
    "_id":{
      "$oid":"684910517013c07662ad8e4d"
    },
    "timestamp_scrape":"2025-06-11T11:42:39.064449",
    "ecommerce":"Tokopedia",
    "product_name":"BRIKET ARANG BATOK KELAPA BBQ PER KG",
    "price_raw":"Rp37.050",
    "price_clean":37050.0,
    "shop_name":"Maxiz Store",
    "sold_count_raw":"5 terjual",
    "sold_count_clean":5.0,
    "product_url":"https:\/\/www.tokopedia.com\/maxizstore\/briket-arang-batok-kelapa-bbq-per-kg?extParam=ivf%3Dfalse%26keyword%3Dbriket+kelapa%26src%3Dsearch",
    "search_query":"briket kelapa",
    "weight_kg":null,
    "price_per_kg":null,
    "0":"lain",
    "1":"lain",
    "2":"lokal"
  },
  {
    "_id":{
      "$oid":"684910517013c07662ad8e4e"
    },
    "timestamp_scrape":"2025-06-11T11:42:39.656753",
    "ecommerce":"Tokopedia",
    "product_name":"Briket Nusantara Arang Batok Kelapa 1 Kg Best Quality 100%",
    "price_raw":"Rp10.000",
    "price_clean":10000.0,
    "shop_name":"briketnusantara",
    "sold_count_raw":"30+ terjual",
    "sold_count_clean":30.0,
    "product_url":"https:\/\/www.tokopedia.com\/briketnusantara\/briket-nusantara-arang-batok-kelapa-1-kg-best-quality-100-1731419431886882322?extParam=ivf%3Dfalse%26keyword%3Dbriket+kelapa%26src%3Dsearch",
    "search_query":"briket kelapa",
    "weight_kg":1.0,
    "price_per_kg":10000.0,
    "0":"lain",
    "1":"bbq",
    "2":"lokal"
  },
  {
    "_id":{
      "$oid":"684910517013c07662ad8e4f"
    },
    "timestamp_scrape":"2025-06-11T11:42:40.261116",
    "ecommerce":"Tokopedia",
    "product_name":"Briket Batok Kelapa Arang BBQ Grill Charcoal Arang Bakaran Serbaguna",
    "price_raw":"Rp24.000",
    "price_clean":24000.0,
    "shop_name":"GulaliShop1",
    "sold_count_raw":"9 terjual",
    "sold_count_clean":9.0,
    "product_url":"https:\/\/www.tokopedia.com\/gulali-shop\/briket-batok-kelapa-arang-bbq-grill-charcoal-arang-bakaran-serbaguna?extParam=ivf%3Dfalse%26keyword%3Dbriket+kelapa%26src%3Dsearch",
    "search_query":"briket kelapa",
    "weight_kg":null,
    "price_per_kg":null,
    "0":"lain",
    "1":"lain",
    "2":"lokal"
  },
  {
    "_id":{
      "$oid":"684910517013c07662ad8e50"
    },
    "timestamp_scrape":"2025-06-11T11:42:40.859303",
    "ecommerce":"Tokopedia",
    "product_name":"Arang Briket Kotak Batok Tempurung kelapa 1kg Bakaran BBQ\/Sate",
    "price_raw":"Rp19.000",
    "price_clean":19000.0,
    "shop_name":"Retail Olshop",
    "sold_count_raw":"50+ terjual",
    "sold_count_clean":50.0,
    "product_url":"https:\/\/www.tokopedia.com\/retailolshopping\/arang-briket-kotak-batok-tempurung-kelapa-1kg-bakaran-bbq-sate-1731612533074134292?extParam=ivf%3Dfalse%26keyword%3Dbriket+kelapa%26src%3Dsearch",
    "search_query":"briket kelapa",
    "weight_kg":1.0,
    "price_per_kg":19000.0,
    "0":"hexagonal",
    "1":"lain",
    "2":"lokal"
  },
  {
    "_id":{
      "$oid":"684910517013c07662ad8e53"
    },
    "timestamp_scrape":"2025-06-11T11:43:07.379907",
    "ecommerce":"Tokopedia",
    "product_name":"Magic Coco Coconut Shell Briquette Briket arang kelapa isi 2 (440 gr)",
    "price_raw":"Rp49.900",
    "price_clean":49900.0,
    "shop_name":"sachurator shop",
    "sold_count_raw":"1 terjual",
    "sold_count_clean":1.0,
    "product_url":"https:\/\/www.tokopedia.com\/sachurator\/magic-coco-coconut-shell-briquette-briket-arang-kelapa-isi-2-440-gr?extParam=ivf%3Dfalse%26keyword%3Dbriket+kelapa%26src%3Dsearch",
    "search_query":"briket kelapa",
    "weight_kg":0.44,
    "price_per_kg":113409.0909090909,
    "0":"lain",
    "1":"lain",
    "2":"lokal"
  },
  {
    "_id":{
      "$oid":"684910517013c07662ad8e54"
    },
    "timestamp_scrape":"2025-06-11T11:43:07.985531",
    "ecommerce":"Tokopedia",
    "product_name":"Arang Briket Batok Kelapa Super Premium \/ 1\/2 Kg",
    "price_raw":"Rp10.000",
    "price_clean":10000.0,
    "shop_name":"Masboy Olshop_NEW",
    "sold_count_raw":"9 terjual",
    "sold_count_clean":9.0,
    "product_url":"https:\/\/www.tokopedia.com\/masboy-olshop\/arang-briket-batok-kelapa-super-premium-1-2-kg-1730870526005249534?extParam=ivf%3Dfalse%26keyword%3Dbriket+kelapa%26src%3Dsearch",
    "search_query":"briket kelapa",
    "weight_kg":2.0,
    "price_per_kg":5000.0,
    "0":"lain",
    "1":"lain",
    "2":"lokal"
  },
  {
    "_id":{
      "$oid":"684910517013c07662ad8e55"
    },
    "timestamp_scrape":"2025-06-11T11:43:09.397853",
    "ecommerce":"Tokopedia",
    "product_name":"Briket kotak\/Briket Kelapa\/Briket Murah\/Briket Bagus\/Termurah\/Arang...",
    "price_raw":"Rp12.000",
    "price_clean":12000.0,
    "shop_name":"athafariz alfarizqi",
    "sold_count_raw":"0 terjual",
    "sold_count_clean":0.0,
    "product_url":"https:\/\/www.tokopedia.com\/ahmadmaulanak\/briket-kotak-briket-kelapa-briket-murah-briket-bagus-termurah-arang?extParam=ivf%3Dfalse%26keyword%3Dbriket+kelapa%26src%3Dsearch",
    "search_query":"briket kelapa",
    "weight_kg":null,
    "price_per_kg":null,
    "0":"lain",
    "1":"lain",
    "2":"export"
  },
  {
    "_id":{
      "$oid":"684910517013c07662ad8e56"
    },
    "timestamp_scrape":"2025-06-11T11:43:10.015424",
    "ecommerce":"Tokopedia",
    "product_name":"Flame Arang Batok Kelapa Briket Arang tidak berbau Kualitas Terbaik",
    "price_raw":"Rp87.830",
    "price_clean":87830.0,
    "shop_name":"Dulurjaya store",
    "sold_count_raw":"3 terjual",
    "sold_count_clean":3.0,
    "product_url":"https:\/\/www.tokopedia.com\/dulurjaya-store\/flame-arang-batok-kelapa-briket-arang-tidak-berbau-kualitas-terbaik?extParam=ivf%3Dfalse%26keyword%3Dbriket+kelapa%26src%3Dsearch",
    "search_query":"briket kelapa",
    "weight_kg":null,
    "price_per_kg":null,
    "0":"lain",
    "1":"lain",
    "2":"lokal"
  },
  {
    "_id":{
      "$oid":"684910517013c07662ad8e57"
    },
    "timestamp_scrape":"2025-06-11T11:43:10.611610",
    "ecommerce":"Tokopedia",
    "product_name":"Arang Briket Cube Kubus Kotak Batok Kelapa BBQ Barbekyu Sisha",
    "price_raw":"Rp4.775",
    "price_clean":4775.0,
    "shop_name":"-Jodie-",
    "sold_count_raw":"2 terjual",
    "sold_count_clean":2.0,
    "product_url":"https:\/\/www.tokopedia.com\/-jodie\/arang-briket-cube-kubus-kotak-batok-kelapa-bbq-barbekyu-sisha-arang-kayu-d0eef?extParam=ivf%3Dfalse%26keyword%3Dbriket+kelapa%26src%3Dsearch",
    "search_query":"briket kelapa",
    "weight_kg":null,
    "price_per_kg":null,
    "0":"cube",
    "1":"lain",
    "2":"lokal"
  },
  {
    "_id":{
      "$oid":"684910517013c07662ad8e58"
    },
    "timestamp_scrape":"2025-06-11T11:43:11.220414",
    "ecommerce":"Tokopedia",
    "product_name":"PTR ARANG BRIKET BATOK KELAPA BBQ SUPER 5kg",
    "price_raw":"Rp65.835",
    "price_clean":65835.0,
    "shop_name":"arfatan33",
    "sold_count_raw":"13 terjual",
    "sold_count_clean":13.0,
    "product_url":"https:\/\/www.tokopedia.com\/arfatan33\/ptr-arang-briket-batok-kelapa-bbq-super-5kg?extParam=ivf%3Dfalse%26keyword%3Dbriket+kelapa%26src%3Dsearch",
    "search_query":"briket kelapa",
    "weight_kg":5.0,
    "price_per_kg":13167.0,
    "0":"lain",
    "1":"bbq",
    "2":"export"
  },
  {
    "_id":{
      "$oid":"684910517013c07662ad8e59"
    },
    "timestamp_scrape":"2025-06-11T11:43:11.839107",
    "ecommerce":"Tokopedia",
    "product_name":"Ace Flame Briket Arang Batok Kelapa Charcoal Briquettes Coco Shell 3Kg",
    "price_raw":"Rp79.000",
    "price_clean":79000.0,
    "shop_name":"Arumi Hardware",
    "sold_count_raw":"500+ terjual",
    "sold_count_clean":500.0,
    "product_url":"https:\/\/www.tokopedia.com\/arumi-hardw\/ace-flame-briket-arang-batok-kelapa-charcoal-briquettes-coco-shell-3kg?extParam=ivf%3Dfalse%26keyword%3Dbriket+kelapa%26src%3Dsearch",
    "search_query":"briket kelapa",
    "weight_kg":3.0,
    "price_per_kg":26333.3333333333,
    "0":"hexagonal",
    "1":"lain",
    "2":"lokal"
  },
  {
    "_id":{
      "$oid":"684910517013c07662ad8e5a"
    },
    "timestamp_scrape":"2025-06-11T11:43:12.438229",
    "ecommerce":"Tokopedia",
    "product_name":"Arang Briket BBQ Premium Quality dengan arang batok kelapa piliham",
    "price_raw":"Rp12.500",
    "price_clean":12500.0,
    "shop_name":"Medan CocoBriket",
    "sold_count_raw":"8 terjual",
    "sold_count_clean":8.0,
    "product_url":"https:\/\/www.tokopedia.com\/medan-cocobriket\/arang-briket-bbq-premium-quality-dengan-arang-batok-kelapa-piliham-1730510191156692523?extParam=ivf%3Dfalse%26keyword%3Dbriket+kelapa%26src%3Dsearch",
    "search_query":"briket kelapa",
    "weight_kg":null,
    "price_per_kg":null,
    "0":"lain",
    "1":"lain",
    "2":"lokal"
  },
  {
    "_id":{
      "$oid":"684910517013c07662ad8e5b"
    },
    "timestamp_scrape":"2025-06-11T11:43:13.054456",
    "ecommerce":"Tokopedia",
    "product_name":"Serbuk Arang Murni Batok Kelapa, Bio Charcoal Untuk Briket Termurah !!! Kitchenware",
    "price_raw":"Rp3.000",
    "price_clean":3000.0,
    "shop_name":"ATP CHARCOAL",
    "sold_count_raw":"100+ terjual",
    "sold_count_clean":100.0,
    "product_url":"https:\/\/www.tokopedia.com\/atp-charcoal\/serbuk-arang-murni-batok-kelapa-bio-charcoal-untuk-briket-termurah-kitchenware-1730825492122142650?extParam=ivf%3Dfalse%26keyword%3Dbriket+kelapa%26src%3Dsearch",
    "search_query":"briket kelapa",
    "weight_kg":null,
    "price_per_kg":null,
    "0":"lain",
    "1":"lain",
    "2":"lokal"
  },
  {
    "_id":{
      "$oid":"684910517013c07662ad8e5c"
    },
    "timestamp_scrape":"2025-06-11T11:43:13.648472",
    "ecommerce":"Tokopedia",
    "product_name":"Arang Briket Hexagonal BQQ Batok Kelapa Grade Premium Quality Hi-Cook",
    "price_raw":"Rp51.600",
    "price_clean":51600.0,
    "shop_name":"Glistagen Kitchen",
    "sold_count_raw":"5 terjual",
    "sold_count_clean":5.0,
    "product_url":"https:\/\/www.tokopedia.com\/glistagenkitchen\/arang-briket-hexagonal-bqq-batok-kelapa-grade-premium-quality-hi-cook?extParam=ivf%3Dfalse%26keyword%3Dbriket+kelapa%26src%3Dsearch",
    "search_query":"briket kelapa",
    "weight_kg":null,
    "price_per_kg":null,
    "0":"lain",
    "1":"lain",
    "2":"lokal"
  },
  {
    "_id":{
      "$oid":"684910517013c07662ad8e5d"
    },
    "timestamp_scrape":"2025-06-11T11:43:14.258039",
    "ecommerce":"Tokopedia",
    "product_name":"ARANG BRIKET SIJJIL BATOK KELAPA by Zafanudin",
    "price_raw":"Rp20.000",
    "price_clean":20000.0,
    "shop_name":"RUTAF_STORE",
    "sold_count_raw":"9 terjual",
    "sold_count_clean":9.0,
    "product_url":"https:\/\/www.tokopedia.com\/rutafstore-2\/arang-briket-sijjil-batok-kelapa-by-zafanudin?extParam=ivf%3Dfalse%26keyword%3Dbriket+kelapa%26src%3Dsearch",
    "search_query":"briket kelapa",
    "weight_kg":null,
    "price_per_kg":null,
    "0":"cube",
    "1":"lain",
    "2":"lokal"
  },
  {
    "_id":{
      "$oid":"684910517013c07662ad8e60"
    },
    "timestamp_scrape":"2025-06-11T11:43:41.786193",
    "ecommerce":"Tokopedia",
    "product_name":"TERMURAH! Arang Kubus Briket Dari Batok Kelapa 1 KG isi Â± 78 PCS",
    "price_raw":"Rp29.500",
    "price_clean":29500.0,
    "shop_name":"Erens General Goods",
    "sold_count_raw":"2 terjual",
    "sold_count_clean":2.0,
    "product_url":"https:\/\/www.tokopedia.com\/erensgeneralgoods\/termurah-arang-kubus-briket-dari-batok-kelapa-1-kg-isi-78-pcs?extParam=ivf%3Dfalse%26keyword%3Dbriket+kelapa%26src%3Dsearch",
    "search_query":"briket kelapa",
    "weight_kg":1.0,
    "price_per_kg":29500.0,
    "0":"cube",
    "1":"lain",
    "2":"lokal"
  },
  {
    "_id":{
      "$oid":"684910517013c07662ad8e61"
    },
    "timestamp_scrape":"2025-06-11T11:43:42.386851",
    "ecommerce":"Tokopedia",
    "product_name":"Areng briket batok kelapa 1kg",
    "price_raw":"Rp12.000",
    "price_clean":12000.0,
    "shop_name":"SETIA BERKAH 1",
    "sold_count_raw":"100+ terjual",
    "sold_count_clean":100.0,
    "product_url":"https:\/\/www.tokopedia.com\/setia-berkah-1\/areng-briket-batok-kelapa-1kg-1729721062933496876?extParam=ivf%3Dfalse%26keyword%3Dbriket+kelapa%26src%3Dsearch",
    "search_query":"briket kelapa",
    "weight_kg":1.0,
    "price_per_kg":12000.0,
    "0":"lain",
    "1":"lain",
    "2":"lokal"
  },
  {
    "_id":{
      "$oid":"684910517013c07662ad8e62"
    },
    "timestamp_scrape":"2025-06-11T11:43:42.977230",
    "ecommerce":"Tokopedia",
    "product_name":"BRIKET ARANG BATOK KELAPA ( BELI 6 GRATIS 1) Kitchenware",
    "price_raw":"Rp10.000",
    "price_clean":10000.0,
    "shop_name":"RIZKY BINTANG",
    "sold_count_raw":"4 terjual",
    "sold_count_clean":4.0,
    "product_url":"https:\/\/www.tokopedia.com\/rizky-bintang\/briket-arang-batok-kelapa-beli-6-gratis-1-kitchenware-1730810676171671032?extParam=ivf%3Dfalse%26keyword%3Dbriket+kelapa%26src%3Dsearch",
    "search_query":"briket kelapa",
    "weight_kg":0.006,
    "price_per_kg":1666666.6666666667,
    "0":"lain",
    "1":"lain",
    "2":"lokal"
  },
  {
    "_id":{
      "$oid":"684910517013c07662ad8e63"
    },
    "timestamp_scrape":"2025-06-11T11:43:43.577660",
    "ecommerce":"Tokopedia",
    "product_name":"Briket Arang Batok Kelapa Export Quality",
    "price_raw":"Rp8.000",
    "price_clean":8000.0,
    "shop_name":"Rafi story",
    "sold_count_raw":"2 terjual",
    "sold_count_clean":2.0,
    "product_url":"https:\/\/www.tokopedia.com\/rafidwiatma\/briket-arang-batok-kelapa-export-quality?extParam=ivf%3Dfalse%26keyword%3Dbriket+kelapa%26src%3Dsearch",
    "search_query":"briket kelapa",
    "weight_kg":null,
    "price_per_kg":null,
    "0":"hexagonal",
    "1":"lain",
    "2":"lokal"
  },
  {
    "_id":{
      "$oid":"684910517013c07662ad8e64"
    },
    "timestamp_scrape":"2025-06-11T11:43:44.173759",
    "ecommerce":"Tokopedia",
    "product_name":"Mesin Briket Arang Batok Kelapa",
    "price_raw":"Rp120.000",
    "price_clean":120000.0,
    "shop_name":"PUSAT MESIN PERTANIAN",
    "sold_count_raw":"7 terjual",
    "sold_count_clean":7.0,
    "product_url":"https:\/\/www.tokopedia.com\/jualbelitokopedia\/mesin-briket-arang-batok-kelapa?extParam=ivf%3Dfalse%26keyword%3Dbriket+kelapa%26src%3Dsearch",
    "search_query":"briket kelapa",
    "weight_kg":null,
    "price_per_kg":null,
    "0":"hexagonal",
    "1":"bbq",
    "2":"lokal"
  },
  {
    "_id":{
      "$oid":"684910517013c07662ad8e65"
    },
    "timestamp_scrape":"2025-06-11T11:43:44.781212",
    "ecommerce":"Tokopedia",
    "product_name":"Arang Briket cube batok kelapa lokal",
    "price_raw":"Rp5.000",
    "price_clean":5000.0,
    "shop_name":"AK Briket Medan",
    "sold_count_raw":"5 terjual",
    "sold_count_clean":5.0,
    "product_url":"https:\/\/www.tokopedia.com\/ak-briket-medan\/arang-briket-cube-batok-kelapa-lokal-1729757748514817186?extParam=ivf%3Dfalse%26keyword%3Dbriket+kelapa%26src%3Dsearch",
    "search_query":"briket kelapa",
    "weight_kg":null,
    "price_per_kg":null,
    "0":"lain",
    "1":"lain",
    "2":"lokal"
  },
  {
    "_id":{
      "$oid":"684910517013c07662ad8e66"
    },
    "timestamp_scrape":"2025-06-11T11:43:45.401651",
    "ecommerce":"Tokopedia",
    "product_name":"Super Hot! Arang Kelapa Briket 1 Dus (10Kg) Bbq Charcoal Kualitas Export Low Price",
    "price_raw":"Rp146.575",
    "price_clean":146575.0,
    "shop_name":"Toko_Damai93",
    "sold_count_raw":"250+ terjual",
    "sold_count_clean":250.0,
    "product_url":"https:\/\/www.tokopedia.com\/ayamgeprekbungsu24\/super-hot-arang-kelapa-briket-1-dus-10kg-bbq-charcoal-kualitas-export-low-price-1731345125349361433?extParam=ivf%3Dfalse%26keyword%3Dbriket+kelapa%26src%3Dsearch",
    "search_query":"briket kelapa",
    "weight_kg":10.0,
    "price_per_kg":14657.5,
    "0":"lain",
    "1":"lain",
    "2":"lokal"
  },
  {
    "_id":{
      "$oid":"684910517013c07662ad8e67"
    },
    "timestamp_scrape":"2025-06-11T11:43:45.995996",
    "ecommerce":"Tokopedia",
    "product_name":"Arang Briket Hexagonal (Batok Kelapa\/Kayu Granul\/Residu) Barbecue 1Kg Kitchenware",
    "price_raw":"Rp8.000",
    "price_clean":8000.0,
    "shop_name":"DeCharcoal Coco_NEW",
    "sold_count_raw":"24 terjual",
    "sold_count_clean":24.0,
    "product_url":"https:\/\/www.tokopedia.com\/decharcoal-coco\/arang-briket-hexagonal-batok-kelapa-kayu-granul-residu-barbecue-1kg-kitchenware-1729882726032509491?extParam=ivf%3Dfalse%26keyword%3Dbriket+kelapa%26src%3Dsearch",
    "search_query":"briket kelapa",
    "weight_kg":1.0,
    "price_per_kg":8000.0,
    "0":"cube",
    "1":"bbq",
    "2":"lokal"
  },
  {
    "_id":{
      "$oid":"684910517013c07662ad8e68"
    },
    "timestamp_scrape":"2025-06-11T11:43:47.457046",
    "ecommerce":"Tokopedia",
    "product_name":"Rezeki Arang Briket Batok kelapa 1Kg Kualitas Premium",
    "price_raw":"Rp10.000",
    "price_clean":10000.0,
    "shop_name":"Sri Rejeki Surabaya",
    "sold_count_raw":"0 terjual",
    "sold_count_clean":0.0,
    "product_url":"https:\/\/www.tokopedia.com\/sri-rejeki-surabaya\/rezeki-arang-briket-batok-kelapa-1kg-kualitas-premium-1731597650685626071?extParam=ivf%3Dfalse%26keyword%3Dbriket+kelapa%26src%3Dsearch",
    "search_query":"briket kelapa",
    "weight_kg":1.0,
    "price_per_kg":10000.0,
    "0":"hexagonal",
    "1":"lain",
    "2":"lokal"
  },
  {
    "_id":{
      "$oid":"684910517013c07662ad8e69"
    },
    "timestamp_scrape":"2025-06-11T11:43:48.051141",
    "ecommerce":"Tokopedia",
    "product_name":"arang briket belimulu charcoal arang Kelapa",
    "price_raw":"Rp7.000",
    "price_clean":7000.0,
    "shop_name":"galuh GMS",
    "sold_count_raw":"1 terjual",
    "sold_count_clean":1.0,
    "product_url":"https:\/\/www.tokopedia.com\/galuh-gms\/arang-briket-belimulu-charcoal-arang-kelapa-1729735285649148629?extParam=ivf%3Dfalse%26keyword%3Dbriket+kelapa%26src%3Dsearch",
    "search_query":"briket kelapa",
    "weight_kg":null,
    "price_per_kg":null,
    "0":"cube",
    "1":"bbq",
    "2":"lokal"
  },
  {
    "_id":{
      "$oid":"684910517013c07662ad8e6a"
    },
    "timestamp_scrape":"2025-06-11T11:43:48.753215",
    "ecommerce":"Tokopedia",
    "product_name":"ARANG BRIKET CHARCOAL EXPERT BATOK KELAPA",
    "price_raw":"Rp8.000",
    "price_clean":8000.0,
    "shop_name":"Waroeng Iswara",
    "sold_count_raw":"3 terjual",
    "sold_count_clean":3.0,
    "product_url":"https:\/\/www.tokopedia.com\/alldaymall\/arang-briket-charcoal-expert-batok-kelapa?extParam=ivf%3Dfalse%26keyword%3Dbriket+kelapa%26src%3Dsearch",
    "search_query":"briket kelapa",
    "weight_kg":null,
    "price_per_kg":null,
    "0":"lain",
    "1":"lain",
    "2":"export"
  },
  {
    "_id":{
      "$oid":"684910517013c07662ad8e6d"
    },
    "timestamp_scrape":"2025-06-11T11:44:15.820033",
    "ecommerce":"Tokopedia",
    "product_name":"Arang Briket Batok Kelapa Kotak 1 Kg isi 72 pcs",
    "price_raw":"Rp68.200",
    "price_clean":68200.0,
    "shop_name":"DANU ISMAIL SUPADI-1mT17U3tla",
    "sold_count_raw":"0 terjual",
    "sold_count_clean":0.0,
    "product_url":"https:\/\/www.tokopedia.com\/danu-ismail-supadi-1mt17u3tla\/arang-briket-batok-kelapa-kotak-1-kg-isi-72-pcs-1730527738648430021?extParam=ivf%3Dfalse%26keyword%3Dbriket+kelapa%26src%3Dsearch",
    "search_query":"briket kelapa",
    "weight_kg":1.0,
    "price_per_kg":68200.0,
    "0":"lain",
    "1":"lain",
    "2":"export"
  },
  {
    "_id":{
      "$oid":"684910517013c07662ad8e6e"
    },
    "timestamp_scrape":"2025-06-11T11:44:17.185006",
    "ecommerce":"Tokopedia",
    "product_name":"Arang Briket Areng Batok Kelapa 1kg BBQ Awet Tahan Lama Berkualitas - Briket Arang",
    "price_raw":"Rp151.000",
    "price_clean":151000.0,
    "shop_name":"rahayu kemeja8769",
    "sold_count_raw":"0 terjual",
    "sold_count_clean":0.0,
    "product_url":"https:\/\/www.tokopedia.com\/rahayukemeja8769\/arang-briket-areng-batok-kelapa-1kg-bbq-awet-tahan-lama-berkualitas-briket-arang-1731492365027607987?extParam=ivf%3Dfalse%26keyword%3Dbriket+kelapa%26src%3Dsearch",
    "search_query":"briket kelapa",
    "weight_kg":1.0,
    "price_per_kg":151000.0,
    "0":"lain",
    "1":"lain",
    "2":"lokal"
  },
  {
    "_id":{
      "$oid":"684910517013c07662ad8e70"
    },
    "timestamp_scrape":"2025-06-11T11:44:18.406612",
    "ecommerce":"Tokopedia",
    "product_name":"briket arang batok kelapa 10kg",
    "price_raw":"Rp160.000",
    "price_clean":160000.0,
    "shop_name":"Cobarcocobara",
    "sold_count_raw":"1 terjual",
    "sold_count_clean":1.0,
    "product_url":"https:\/\/www.tokopedia.com\/cobarcocobara\/briket-arang-batok-kelapa-10kg-hexa-5cm-d97aa?extParam=ivf%3Dfalse%26keyword%3Dbriket+kelapa%26src%3Dsearch",
    "search_query":"briket kelapa",
    "weight_kg":10.0,
    "price_per_kg":16000.0,
    "0":"lain",
    "1":"lain",
    "2":"lokal"
  },
  {
    "_id":{
      "$oid":"684910517013c07662ad8e71"
    },
    "timestamp_scrape":"2025-06-11T11:44:19.007689",
    "ecommerce":"Tokopedia",
    "product_name":"Briket Arang Batok Kelapa Cube Pilihan Ekonomis kemasan 5 kg Hemat dan Murah",
    "price_raw":"Rp50.000",
    "price_clean":50000.0,
    "shop_name":"Medan CocoBriket",
    "sold_count_raw":"5 terjual",
    "sold_count_clean":5.0,
    "product_url":"https:\/\/www.tokopedia.com\/medan-cocobriket\/briket-arang-batok-kelapa-cube-pilihan-ekonomis-kemasan-5-kg-hemat-dan-murah-1731401611284284971?extParam=ivf%3Dfalse%26keyword%3Dbriket+kelapa%26src%3Dsearch",
    "search_query":"briket kelapa",
    "weight_kg":5.0,
    "price_per_kg":10000.0,
    "0":"hexagonal",
    "1":"lain",
    "2":"lokal"
  },
  {
    "_id":{
      "$oid":"684910517013c07662ad8e72"
    },
    "timestamp_scrape":"2025-06-11T11:44:20.409286",
    "ecommerce":"Tokopedia",
    "product_name":"arang briket batok kelapa",
    "price_raw":"Rp21.000",
    "price_clean":21000.0,
    "shop_name":"Garasi KMT259",
    "sold_count_raw":"0 terjual",
    "sold_count_clean":0.0,
    "product_url":"https:\/\/www.tokopedia.com\/d06\/arang-briket-batok-kelapa-1731569562063045816?extParam=ivf%3Dfalse%26keyword%3Dbriket+kelapa%26src%3Dsearch",
    "search_query":"briket kelapa",
    "weight_kg":null,
    "price_per_kg":null,
    "0":"lain",
    "1":"bbq",
    "2":"lokal"
  },
  {
    "_id":{
      "$oid":"684910517013c07662ad8e73"
    },
    "timestamp_scrape":"2025-06-11T11:44:21.888603",
    "ecommerce":"Tokopedia",
    "product_name":"Briket Arang Batok Kelapa (Beli 6 gratis 1)",
    "price_raw":"Rp66.000",
    "price_clean":66000.0,
    "shop_name":"FARENIA BILQIS AZIZAH",
    "sold_count_raw":"0 terjual",
    "sold_count_clean":0.0,
    "product_url":"https:\/\/www.tokopedia.com\/farenia-bilqis-azizah\/briket-arang-batok-kelapa-beli-6-gratis-1-1729627385638389486?extParam=ivf%3Dfalse%26keyword%3Dbriket+kelapa%26src%3Dsearch",
    "search_query":"briket kelapa",
    "weight_kg":0.006,
    "price_per_kg":11000000.0,
    "0":"lain",
    "1":"lain",
    "2":"lokal"
  },
  {
    "_id":{
      "$oid":"684910517013c07662ad8e74"
    },
    "timestamp_scrape":"2025-06-11T11:44:23.237898",
    "ecommerce":"Tokopedia",
    "product_name":"Briket Arang Batok Kelapa Dan Arang Kayu Hexagonal 750 Gram \/ Instant",
    "price_raw":"Rp37.900",
    "price_clean":37900.0,
    "shop_name":"izal bbq",
    "sold_count_raw":"0 terjual",
    "sold_count_clean":0.0,
    "product_url":"https:\/\/www.tokopedia.com\/isal25\/briket-arang-batok-kelapa-dan-arang-kayu-hexagonal-750-gram-instant-1730774552173709161?extParam=ivf%3Dfalse%26keyword%3Dbriket+kelapa%26src%3Dsearch",
    "search_query":"briket kelapa",
    "weight_kg":0.75,
    "price_per_kg":50533.3333333333,
    "0":"lain",
    "1":"lain",
    "2":"export"
  },
  {
    "_id":{
      "$oid":"684910517013c07662ad8e75"
    },
    "timestamp_scrape":"2025-06-11T11:44:23.840180",
    "ecommerce":"Tokopedia",
    "product_name":"10 Kg Briket BBQ Residu Arang Batok Kelapa Bentuk Hexagonal",
    "price_raw":"Rp110.000",
    "price_clean":110000.0,
    "shop_name":"NOVERDI ANUGRAH RAMADHAN",
    "sold_count_raw":"12 terjual",
    "sold_count_clean":12.0,
    "product_url":"https:\/\/www.tokopedia.com\/noverdi-anugrah-ramadhan\/10-kg-briket-bbq-residu-arang-batok-kelapa-bentuk-hexagonal-1729627414222046973?extParam=ivf%3Dfalse%26keyword%3Dbriket+kelapa%26src%3Dsearch",
    "search_query":"briket kelapa",
    "weight_kg":10.0,
    "price_per_kg":11000.0,
    "0":"lain",
    "1":"lain",
    "2":"lokal"
  },
  {
    "_id":{
      "$oid":"684910517013c07662ad8e76"
    },
    "timestamp_scrape":"2025-06-11T11:44:24.438840",
    "ecommerce":"Tokopedia",
    "product_name":"Yuhh Arang Batok Kelapa Resto Food Grade - Areng Sate Briket Murah",
    "price_raw":"Rp8.000",
    "price_clean":8000.0,
    "shop_name":"eemhujaeman27",
    "sold_count_raw":"1 terjual",
    "sold_count_clean":1.0,
    "product_url":"https:\/\/www.tokopedia.com\/eemhujaeman\/yuhh-arang-batok-kelapa-resto-food-grade-areng-sate-briket-murah?extParam=ivf%3Dfalse%26keyword%3Dbriket+kelapa%26src%3Dsearch",
    "search_query":"briket kelapa",
    "weight_kg":null,
    "price_per_kg":null,
    "0":"lain",
    "1":"lain",
    "2":"lokal"
  },
  {
    "_id":{
      "$oid":"684910517013c07662ad8e77"
    },
    "timestamp_scrape":"2025-06-11T11:44:25.791105",
    "ecommerce":"Tokopedia",
    "product_name":"Arang Briket Batok Kelapa Pembakaran Tahan Lama",
    "price_raw":"Rp66.000",
    "price_clean":66000.0,
    "shop_name":"SAHRUL BHGSFQ",
    "sold_count_raw":"0 terjual",
    "sold_count_clean":0.0,
    "product_url":"https:\/\/www.tokopedia.com\/sahrul-bhgsfq\/arang-briket-batok-kelapa-pembakaran-tahan-lama-1730572416497517620?extParam=ivf%3Dfalse%26keyword%3Dbriket+kelapa%26src%3Dsearch",
    "search_query":"briket kelapa",
    "weight_kg":null,
    "price_per_kg":null,
    "0":"cube",
    "1":"bbq",
    "2":"lokal"
  },
  {
    "_id":{
      "$oid":"684910517013c07662ad8e78"
    },
    "timestamp_scrape":"2025-06-11T11:44:26.568683",
    "ecommerce":"Tokopedia",
    "product_name":"Arang briket cube kubus kotak batok kelapa Bbq barberkyu sisha",
    "price_raw":"Rp66.000",
    "price_clean":66000.0,
    "shop_name":"FARENIA BILQIS AZIZAH",
    "sold_count_raw":"0 terjual",
    "sold_count_clean":0.0,
    "product_url":"https:\/\/www.tokopedia.com\/farenia-bilqis-azizah\/arang-briket-cube-kubus-kotak-batok-kelapa-bbq-barberkyu-sisha-1729627399868090094?extParam=ivf%3Dfalse%26keyword%3Dbriket+kelapa%26src%3Dsearch",
    "search_query":"briket kelapa",
    "weight_kg":null,
    "price_per_kg":null,
    "0":"cube",
    "1":"lain",
    "2":"export"
  },
  {
    "_id":{
      "$oid":"684910517013c07662ad8e7b"
    },
    "timestamp_scrape":"2025-06-11T11:44:52.729270",
    "ecommerce":"Tokopedia",
    "product_name":"Arang Briket Batok Kelapa Hexagonal 5HX-108pcs (Large Pack) (10kg)",
    "price_raw":"Rp170.000",
    "price_clean":170000.0,
    "shop_name":"barabara charcoal_NEW",
    "sold_count_raw":"1 terjual",
    "sold_count_clean":1.0,
    "product_url":"https:\/\/www.tokopedia.com\/barabara-charcoal\/arang-briket-batok-kelapa-hexagonal-5hx-108pcs-large-pack-10kg-1730760492576375885?extParam=ivf%3Dfalse%26keyword%3Dbriket+kelapa%26src%3Dsearch",
    "search_query":"briket kelapa",
    "weight_kg":10.0,
    "price_per_kg":17000.0,
    "0":"lain",
    "1":"bbq",
    "2":"lokal"
  },
  {
    "_id":{
      "$oid":"684910517013c07662ad8e7c"
    },
    "timestamp_scrape":"2025-06-11T11:44:53.327513",
    "ecommerce":"Tokopedia",
    "product_name":"10KG Arang Briket Batok Kelapa Kayu BBQ SISHA EKSPR QUALITY-Cube Kotak",
    "price_raw":"Rp129.500",
    "price_clean":129500.0,
    "shop_name":"BBQKU",
    "sold_count_raw":"5 terjual",
    "sold_count_clean":5.0,
    "product_url":"https:\/\/www.tokopedia.com\/bbqku\/10kg-arang-briket-batok-kelapa-kayu-bbq-sisha-ekspr-quality-cube-kotak?extParam=ivf%3Dfalse%26keyword%3Dbriket+kelapa%26src%3Dsearch",
    "search_query":"briket kelapa",
    "weight_kg":10.0,
    "price_per_kg":12950.0,
    "0":"lain",
    "1":"lain",
    "2":"lokal"
  },
  {
    "_id":{
      "$oid":"684910517013c07662ad8e7e"
    },
    "timestamp_scrape":"2025-06-11T11:44:55.294865",
    "ecommerce":"Tokopedia",
    "product_name":"ANN Optima Briket Arang Batok Kelapa 1 Kg Export Quality",
    "price_raw":"Rp22.000",
    "price_clean":22000.0,
    "shop_name":"andyy1",
    "sold_count_raw":"0 terjual",
    "sold_count_clean":0.0,
    "product_url":"https:\/\/www.tokopedia.com\/archive-andyy1-1724026763\/ann-optima-briket-arang-batok-kelapa-1-kg-export-quality-hexagonal-mini-2b0d3?extParam=ivf%3Dfalse%26keyword%3Dbriket+kelapa%26src%3Dsearch",
    "search_query":"briket kelapa",
    "weight_kg":1.0,
    "price_per_kg":22000.0,
    "0":"lain",
    "1":"shisha",
    "2":"lokal"
  },
  {
    "_id":{
      "$oid":"684910517013c07662ad8e7f"
    },
    "timestamp_scrape":"2025-06-11T11:44:56.752672",
    "ecommerce":"Tokopedia",
    "product_name":"Arang Briket Batok Kelapa Export Quality Untuk BBQ dan Shisha 500 Gram",
    "price_raw":"Rp19.900",
    "price_clean":19900.0,
    "shop_name":"STOREE ARTOMORO",
    "sold_count_raw":"0 terjual",
    "sold_count_clean":0.0,
    "product_url":"https:\/\/www.tokopedia.com\/kjwbavdhwiwksdb\/arang-briket-batok-kelapa-export-quality-untuk-bbq-dan-shisha-500-gram-1730900338133140847?extParam=ivf%3Dfalse%26keyword%3Dbriket+kelapa%26src%3Dsearch",
    "search_query":"briket kelapa",
    "weight_kg":0.5,
    "price_per_kg":39800.0,
    "0":"hexagonal",
    "1":"lain",
    "2":"export"
  },
  {
    "_id":{
      "$oid":"684910517013c07662ad8e80"
    },
    "timestamp_scrape":"2025-06-11T11:44:58.632671",
    "ecommerce":"Tokopedia",
    "product_name":"Optima Arang Briket Batok Kelapa 1 Kg Cube",
    "price_raw":"Rp72.600",
    "price_clean":72600.0,
    "shop_name":"WALDI OHSIW",
    "sold_count_raw":"0 terjual",
    "sold_count_clean":0.0,
    "product_url":"https:\/\/www.tokopedia.com\/waldi-ohsiw\/optima-arang-briket-batok-kelapa-1-kg-cube-1730572421559452970?extParam=ivf%3Dfalse%26keyword%3Dbriket+kelapa%26src%3Dsearch",
    "search_query":"briket kelapa",
    "weight_kg":1.0,
    "price_per_kg":72600.0,
    "0":"lain",
    "1":"lain",
    "2":"lokal"
  },
  {
    "_id":{
      "$oid":"684910517013c07662ad8e81"
    },
    "timestamp_scrape":"2025-06-11T11:45:00.291307",
    "ecommerce":"Tokopedia",
    "product_name":"Briket Arang Batok Kelapa Premium Quality Export \/ Instant",
    "price_raw":"Rp28.900",
    "price_clean":28900.0,
    "shop_name":"izal bbq",
    "sold_count_raw":"0 terjual",
    "sold_count_clean":0.0,
    "product_url":"https:\/\/www.tokopedia.com\/isal25\/briket-arang-batok-kelapa-premium-quality-export-instant-1730774498100807529?extParam=ivf%3Dfalse%26keyword%3Dbriket+kelapa%26src%3Dsearch",
    "search_query":"briket kelapa",
    "weight_kg":null,
    "price_per_kg":null,
    "0":"lain",
    "1":"lain",
    "2":"lokal"
  },
  {
    "_id":{
      "$oid":"684910517013c07662ad8e82"
    },
    "timestamp_scrape":"2025-06-11T11:45:01.862391",
    "ecommerce":"Tokopedia",
    "product_name":"areng briket batok kelapa briket areng 500gr",
    "price_raw":"Rp7.500",
    "price_clean":7500.0,
    "shop_name":"BBQ88SHOP",
    "sold_count_raw":"0 terjual",
    "sold_count_clean":0.0,
    "product_url":"https:\/\/www.tokopedia.com\/bbq88shop\/areng-briket-batok-kelapa-briket-areng-500gr-1730860538082198590?extParam=ivf%3Dfalse%26keyword%3Dbriket+kelapa%26src%3Dsearch",
    "search_query":"briket kelapa",
    "weight_kg":0.5,
    "price_per_kg":15000.0,
    "0":"cube",
    "1":"bbq",
    "2":"lokal"
  },
  {
    "_id":{
      "$oid":"684910517013c07662ad8e83"
    },
    "timestamp_scrape":"2025-06-11T11:45:02.479244",
    "ecommerce":"Tokopedia",
    "product_name":"Arang Briket Batok Kelapa Super Premium 500 gr",
    "price_raw":"Rp12.500",
    "price_clean":12500.0,
    "shop_name":"sabqieolshop",
    "sold_count_raw":"1 terjual",
    "sold_count_clean":1.0,
    "product_url":"https:\/\/www.tokopedia.com\/sabqieolshop\/arang-briket-batok-kelapa-super-premium-500-gr-1729606777704515892?extParam=ivf%3Dfalse%26keyword%3Dbriket+kelapa%26src%3Dsearch",
    "search_query":"briket kelapa",
    "weight_kg":0.5,
    "price_per_kg":25000.0,
    "0":"hexagonal",
    "1":"lain",
    "2":"lokal"
  },
  {
    "_id":{
      "$oid":"684910517013c07662ad8e84"
    },
    "timestamp_scrape":"2025-06-11T11:45:03.935578",
    "ecommerce":"Tokopedia",
    "product_name":"Ace Flame Briket Arang Batok Kelapa Charcoal Briquettes Coco Shell 3Kg",
    "price_raw":"Rp79.900",
    "price_clean":79900.0,
    "shop_name":"Interior Furniture Decoration",
    "sold_count_raw":"0 terjual",
    "sold_count_clean":0.0,
    "product_url":"https:\/\/www.tokopedia.com\/ifd30\/ace-flame-briket-arang-batok-kelapa-charcoal-briquettes-coco-shell-3kg?extParam=ivf%3Dfalse%26keyword%3Dbriket+kelapa%26src%3Dsearch",
    "search_query":"briket kelapa",
    "weight_kg":3.0,
    "price_per_kg":26633.3333333333,
    "0":"lain",
    "1":"lain",
    "2":"export"
  },
  {
    "_id":{
      "$oid":"684910517013c07662ad8e85"
    },
    "timestamp_scrape":"2025-06-11T11:45:05.308334",
    "ecommerce":"Tokopedia",
    "product_name":"Briket Arang Kelapa Bentuk Hexagonal 1 kilo",
    "price_raw":"Rp8.800",
    "price_clean":8800.0,
    "shop_name":"tokomoistore",
    "sold_count_raw":"0 terjual",
    "sold_count_clean":0.0,
    "product_url":"https:\/\/www.tokopedia.com\/tokomoistore\/briket-arang-kelapa-bentuk-hexagonal-1-kilo?extParam=ivf%3Dfalse%26keyword%3Dbriket+kelapa%26src%3Dsearch",
    "search_query":"briket kelapa",
    "weight_kg":null,
    "price_per_kg":null,
    "0":"lain",
    "1":"lain",
    "2":"lokal"
  },
  {
    "_id":{
      "$oid":"684910517013c07662ad8e86"
    },
    "timestamp_scrape":"2025-06-11T11:45:06.039650",
    "ecommerce":"Tokopedia",
    "product_name":"0KT1 Briket Arang BBQ 5kg Asli 100% Batok Kelapa Sulawesi Berkwalitas Super",
    "price_raw":"Rp94.000",
    "price_clean":94000.0,
    "shop_name":"yantieyo",
    "sold_count_raw":"0 terjual",
    "sold_count_clean":0.0,
    "product_url":"https:\/\/www.tokopedia.com\/yantieyo\/0kt1-briket-arang-bbq-5kg-asli-100-batok-kelapa-sulawesi-berkwalitas-super-1730768767006049528?extParam=ivf%3Dfalse%26keyword%3Dbriket+kelapa%26src%3Dsearch",
    "search_query":"briket kelapa",
    "weight_kg":5.0,
    "price_per_kg":18800.0,
    "0":"lain",
    "1":"shisha",
    "2":"lokal"
  },
  {
    "_id":{
      "$oid":"684910517013c07662ad8e89"
    },
    "timestamp_scrape":"2025-06-11T11:45:40.956387",
    "ecommerce":"Tokopedia",
    "product_name":"MAGIC COCO COCONUT SHELL BRIQUETTE BRIKET ARANG KELAPA ISI 6 (540 GR)",
    "price_raw":"Rp70.900",
    "price_clean":70900.0,
    "shop_name":"Harisferdianstoree",
    "sold_count_raw":"0 terjual",
    "sold_count_clean":0.0,
    "product_url":"https:\/\/www.tokopedia.com\/harisferdianstoree\/magic-coco-coconut-shell-briquette-briket-arang-kelapa-isi-6-540-gr-1731269052928329117?extParam=ivf%3Dfalse%26keyword%3Dbriket+kelapa%26src%3Dsearch",
    "search_query":"briket kelapa",
    "weight_kg":0.54,
    "price_per_kg":131296.2962962963,
    "0":"lain",
    "1":"lain",
    "2":"export"
  },
  {
    "_id":{
      "$oid":"684910517013c07662ad8e8a"
    },
    "timestamp_scrape":"2025-06-11T11:45:42.276271",
    "ecommerce":"Tokopedia",
    "product_name":"Arang Briket Kelapa 1 Kg Export Q Free Bubble Wrap + Dus !! \/ Instant",
    "price_raw":"Rp27.900",
    "price_clean":27900.0,
    "shop_name":"izal bbq",
    "sold_count_raw":"0 terjual",
    "sold_count_clean":0.0,
    "product_url":"https:\/\/www.tokopedia.com\/isal25\/arang-briket-kelapa-1-kg-export-q-free-bubble-wrap-dus-instant-1730774590091069289?extParam=ivf%3Dfalse%26keyword%3Dbriket+kelapa%26src%3Dsearch",
    "search_query":"briket kelapa",
    "weight_kg":1.0,
    "price_per_kg":27900.0,
    "0":"cube",
    "1":"bbq",
    "2":"lokal"
  },
  {
    "_id":{
      "$oid":"684910517013c07662ad8e8b"
    },
    "timestamp_scrape":"2025-06-11T11:45:43.507826",
    "ecommerce":"Tokopedia",
    "product_name":"Arang Briket Flame Batok Kelapa Best",
    "price_raw":"Rp191.200",
    "price_clean":191200.0,
    "shop_name":"PABRIKO",
    "sold_count_raw":"0 terjual",
    "sold_count_clean":0.0,
    "product_url":"https:\/\/www.tokopedia.com\/pabriko\/arang-briket-flame-batok-kelapa-best?extParam=ivf%3Dfalse%26keyword%3Dbriket+kelapa%26src%3Dsearch",
    "search_query":"briket kelapa",
    "weight_kg":null,
    "price_per_kg":null,
    "0":"lain",
    "1":"lain",
    "2":"lokal"
  },
  {
    "_id":{
      "$oid":"684910517013c07662ad8e8c"
    },
    "timestamp_scrape":"2025-06-11T11:45:44.100354",
    "ecommerce":"Tokopedia",
    "product_name":"Arang \/ Areng Batok Kelapa - Briket",
    "price_raw":"Rp15.000",
    "price_clean":15000.0,
    "shop_name":"WIDANTISSTOREE",
    "sold_count_raw":"2 terjual",
    "sold_count_clean":2.0,
    "product_url":"https:\/\/www.tokopedia.com\/maryanisy\/arang-areng-batok-kelapa-briket-1731219350941435866?extParam=ivf%3Dfalse%26keyword%3Dbriket+kelapa%26src%3Dsearch",
    "search_query":"briket kelapa",
    "weight_kg":null,
    "price_per_kg":null,
    "0":"lain",
    "1":"lain",
    "2":"lokal"
  },
  {
    "_id":{
      "$oid":"684910517013c07662ad8e8d"
    },
    "timestamp_scrape":"2025-06-11T11:45:45.367944",
    "ecommerce":"Tokopedia",
    "product_name":"Arang Briket Cube Kubus Kotak Batok Kelapa BBQ Barbekyu Sisha",
    "price_raw":"Rp16.000",
    "price_clean":16000.0,
    "shop_name":"WIDANTISSTOREE",
    "sold_count_raw":"0 terjual",
    "sold_count_clean":0.0,
    "product_url":"https:\/\/www.tokopedia.com\/maryanisy\/arang-briket-cube-kubus-kotak-batok-kelapa-bbq-barbekyu-sisha-1731219333359568858?extParam=ivf%3Dfalse%26keyword%3Dbriket+kelapa%26src%3Dsearch",
    "search_query":"briket kelapa",
    "weight_kg":null,
    "price_per_kg":null,
    "0":"hexagonal",
    "1":"lain",
    "2":"lokal"
  },
  {
    "_id":{
      "$oid":"684910517013c07662ad8e8e"
    },
    "timestamp_scrape":"2025-06-11T11:45:46.621021",
    "ecommerce":"Tokopedia",
    "product_name":"Ready Optima Prime Premium Arang Briket Batok Kelapa Cube 1 Kg Abu Rendah Kualitas Export",
    "price_raw":"Rp60.000",
    "price_clean":60000.0,
    "shop_name":"grealiesh",
    "sold_count_raw":"0 terjual",
    "sold_count_clean":0.0,
    "product_url":"https:\/\/www.tokopedia.com\/bungatwywt\/ready-optima-prime-premium-arang-briket-batok-kelapa-cube-1-kg-abu-rendah-kualitas-export-1731133989938431856?extParam=ivf%3Dfalse%26keyword%3Dbriket+kelapa%26src%3Dsearch",
    "search_query":"briket kelapa",
    "weight_kg":1.0,
    "price_per_kg":60000.0,
    "0":"lain",
    "1":"lain",
    "2":"lokal"
  },
  {
    "_id":{
      "$oid":"684910517013c07662ad8e8f"
    },
    "timestamp_scrape":"2025-06-11T11:45:47.908428",
    "ecommerce":"Tokopedia",
    "product_name":"Arang Briket Shisha Barbeque Areng Batok Kelapa Kayu Barbeque 1kg 1 kg",
    "price_raw":"Rp64.000",
    "price_clean":64000.0,
    "shop_name":"FORDAAU54",
    "sold_count_raw":"0 terjual",
    "sold_count_clean":0.0,
    "product_url":"https:\/\/www.tokopedia.com\/fordaau54\/arang-briket-shisha-barbeque-areng-batok-kelapa-kayu-barbeque-1kg-1-kg-1731359888332588271?extParam=ivf%3Dfalse%26keyword%3Dbriket+kelapa%26src%3Dsearch",
    "search_query":"briket kelapa",
    "weight_kg":1.0,
    "price_per_kg":64000.0,
    "0":"lain",
    "1":"lain",
    "2":"export"
  },
  {
    "_id":{
      "$oid":"684910517013c07662ad8e90"
    },
    "timestamp_scrape":"2025-06-11T11:45:48.498733",
    "ecommerce":"Tokopedia",
    "product_name":"Briket Arang Batok Kelapa Untuk Barbeque",
    "price_raw":"Rp1.100.000",
    "price_clean":1100000.0,
    "shop_name":"Waserda Bandung",
    "sold_count_raw":"1 terjual",
    "sold_count_clean":1.0,
    "product_url":"https:\/\/www.tokopedia.com\/waserdabandung\/briket-arang-batok-kelapa-untuk-barbeque?extParam=ivf%3Dfalse%26keyword%3Dbriket+kelapa%26src%3Dsearch",
    "search_query":"briket kelapa",
    "weight_kg":null,
    "price_per_kg":null,
    "0":"lain",
    "1":"bbq",
    "2":"lokal"
  },
  {
    "_id":{
      "$oid":"684910517013c07662ad8e91"
    },
    "timestamp_scrape":"2025-06-11T11:45:49.087225",
    "ecommerce":"Tokopedia",
    "product_name":"Briket Arang BBQ 5kg Asli 100% Batok Kelapa Sulawesi Berkwalitas Super",
    "price_raw":"Rp97.000",
    "price_clean":97000.0,
    "shop_name":"Princesstataa2",
    "sold_count_raw":"2 terjual",
    "sold_count_clean":2.0,
    "product_url":"https:\/\/www.tokopedia.com\/princesstataa2\/briket-arang-bbq-5kg-asli-100-batok-kelapa-sulawesi-berkwalitas-super-1731170585143313830?extParam=ivf%3Dfalse%26keyword%3Dbriket+kelapa%26src%3Dsearch",
    "search_query":"briket kelapa",
    "weight_kg":5.0,
    "price_per_kg":19400.0,
    "0":"lain",
    "1":"lain",
    "2":"lokal"
  },
  {
    "_id":{
      "$oid":"684910517013c07662ad8e92"
    },
    "timestamp_scrape":"2025-06-11T11:45:50.314016",
    "ecommerce":"Tokopedia",
    "product_name":"Ace Flame Briket Arang Batok Kelapa Charcoal Briquettes Coco Shell 3Kg",
    "price_raw":"Rp95.000",
    "price_clean":95000.0,
    "shop_name":"TokoIbnu2",
    "sold_count_raw":"0 terjual",
    "sold_count_clean":0.0,
    "product_url":"https:\/\/www.tokopedia.com\/tokoibnu2-1\/ace-flame-briket-arang-batok-kelapa-charcoal-briquettes-coco-shell-3kg-5fc6?extParam=ivf%3Dfalse%26keyword%3Dbriket+kelapa%26src%3Dsearch",
    "search_query":"briket kelapa",
    "weight_kg":3.0,
    "price_per_kg":31666.6666666667,
    "0":"lain",
    "1":"lain",
    "2":"lokal"
  },
  {
    "_id":{
      "$oid":"684910517013c07662ad8e93"
    },
    "timestamp_scrape":"2025-06-11T11:45:51.488492",
    "ecommerce":"Tokopedia",
    "product_name":"0KT1 Briket Batok Kelapa Arang BBQ Grill Charcoal BBQ Briket Arang Sate 1KG",
    "price_raw":"Rp25.000",
    "price_clean":25000.0,
    "shop_name":"momonsuparman",
    "sold_count_raw":"0 terjual",
    "sold_count_clean":0.0,
    "product_url":"https:\/\/www.tokopedia.com\/momonsuparman\/0kt1-briket-batok-kelapa-arang-bbq-grill-charcoal-bbq-briket-arang-sate-1kg-1730768841106818982?extParam=ivf%3Dfalse%26keyword%3Dbriket+kelapa%26src%3Dsearch",
    "search_query":"briket kelapa",
    "weight_kg":1.0,
    "price_per_kg":25000.0,
    "0":"lain",
    "1":"lain",
    "2":"lokal"
  },
  {
    "_id":{
      "$oid":"684910517013c07662ad8e96"
    },
    "timestamp_scrape":"2025-06-11T11:46:21.514928",
    "ecommerce":"Tokopedia",
    "product_name":"[[(R)]] Optima Briket Arang Batok Kelapa 1 Kg Shisha Quality",
    "price_raw":"Rp25.740",
    "price_clean":25740.0,
    "shop_name":"Kings baron",
    "sold_count_raw":"0 terjual",
    "sold_count_clean":0.0,
    "product_url":"https:\/\/www.tokopedia.com\/kingsbaron\/r-optima-briket-arang-batok-kelapa-1-kg-shisha-quality?extParam=ivf%3Dfalse%26keyword%3Dbriket+kelapa%26src%3Dsearch",
    "search_query":"briket kelapa",
    "weight_kg":1.0,
    "price_per_kg":25740.0,
    "0":"lain",
    "1":"lain",
    "2":"lokal"
  },
  {
    "_id":{
      "$oid":"684910517013c07662ad8e97"
    },
    "timestamp_scrape":"2025-06-11T11:46:22.808430",
    "ecommerce":"Tokopedia",
    "product_name":"Arang briket hexagonal kelapa kualitas ekspor barbeque",
    "price_raw":"Rp8.000",
    "price_clean":8000.0,
    "shop_name":"alfa risky05",
    "sold_count_raw":"0 terjual",
    "sold_count_clean":0.0,
    "product_url":"https:\/\/www.tokopedia.com\/alfa-risk\/arang-briket-hexagonal-kelapa-kualitas-ekspor-barbeque?extParam=ivf%3Dfalse%26keyword%3Dbriket+kelapa%26src%3Dsearch",
    "search_query":"briket kelapa",
    "weight_kg":null,
    "price_per_kg":null,
    "0":"lain",
    "1":"bbq",
    "2":"lokal"
  },
  {
    "_id":{
      "$oid":"684910517013c07662ad8e99"
    },
    "timestamp_scrape":"2025-06-11T11:46:23.991995",
    "ecommerce":"Tokopedia",
    "product_name":"ARANG BRIKET BATOK KELAPA 1KG",
    "price_raw":"Rp10.000",
    "price_clean":10000.0,
    "shop_name":"HAG Group",
    "sold_count_raw":"4 terjual",
    "sold_count_clean":4.0,
    "product_url":"https:\/\/www.tokopedia.com\/haggroup\/arang-briket-batok-kelapa-1kg?extParam=ivf%3Dfalse%26keyword%3Dbriket+kelapa%26src%3Dsearch",
    "search_query":"briket kelapa",
    "weight_kg":1.0,
    "price_per_kg":10000.0,
    "0":"lain",
    "1":"bbq",
    "2":"export"
  },
  {
    "_id":{
      "$oid":"684910517013c07662ad8e9a"
    },
    "timestamp_scrape":"2025-06-11T11:46:24.587808",
    "ecommerce":"Tokopedia",
    "product_name":"Ace Flame Briket Arang Batok Kelapa Charcoal Briquettes Coco Shell 3Kg",
    "price_raw":"Rp79.000",
    "price_clean":79000.0,
    "shop_name":"Benzaa shop",
    "sold_count_raw":"2 terjual",
    "sold_count_clean":2.0,
    "product_url":"https:\/\/www.tokopedia.com\/benzaashop\/ace-flame-briket-arang-batok-kelapa-charcoal-briquettes-coco-shell-3kg?extParam=ivf%3Dfalse%26keyword%3Dbriket+kelapa%26src%3Dsearch",
    "search_query":"briket kelapa",
    "weight_kg":3.0,
    "price_per_kg":26333.3333333333,
    "0":"cube",
    "1":"shisha",
    "2":"lokal"
  },
  {
    "_id":{
      "$oid":"684910517013c07662ad8e9b"
    },
    "timestamp_scrape":"2025-06-11T11:46:25.925535",
    "ecommerce":"Tokopedia",
    "product_name":"Optima Lite Arang Briket Batok Kelapa Cube 1 Kg BBQ",
    "price_raw":"Rp18.000",
    "price_clean":18000.0,
    "shop_name":"KARTIKA-JAYA",
    "sold_count_raw":"0 terjual",
    "sold_count_clean":0.0,
    "product_url":"https:\/\/www.tokopedia.com\/kartikajaya\/optima-lite-arang-briket-batok-kelapa-cube-1-kg-bbq?extParam=ivf%3Dfalse%26keyword%3Dbriket+kelapa%26src%3Dsearch",
    "search_query":"briket kelapa",
    "weight_kg":1.0,
    "price_per_kg":18000.0,
    "0":"hexagonal",
    "1":"bbq",
    "2":"lokal"
  },
  {
    "_id":{
      "$oid":"684910517013c07662ad8e9c"
    },
    "timestamp_scrape":"2025-06-11T11:46:26.524261",
    "ecommerce":"Tokopedia",
    "product_name":"Briket arang batok kelapa cube hexagonal",
    "price_raw":"Rp8.500",
    "price_clean":8500.0,
    "shop_name":"coconutproduct",
    "sold_count_raw":"3 terjual",
    "sold_count_clean":3.0,
    "product_url":"https:\/\/www.tokopedia.com\/coconutproduct\/briket-arang-batok-kelapa-cube-hexagonal?extParam=ivf%3Dfalse%26keyword%3Dbriket+kelapa%26src%3Dsearch",
    "search_query":"briket kelapa",
    "weight_kg":null,
    "price_per_kg":null,
    "0":"lain",
    "1":"bbq",
    "2":"lokal"
  },
  {
    "_id":{
      "$oid":"684910517013c07662ad8e9d"
    },
    "timestamp_scrape":"2025-06-11T11:46:27.123871",
    "ecommerce":"Tokopedia",
    "product_name":"Optima Arang Briket Batok Kelapa 1 Kg Kualitas Export",
    "price_raw":"Rp77.000",
    "price_clean":77000.0,
    "shop_name":"nresnanirika",
    "sold_count_raw":"1 terjual",
    "sold_count_clean":1.0,
    "product_url":"https:\/\/www.tokopedia.com\/nresnanirika\/optima-arang-briket-batok-kelapa-1-kg-kualitas-export-1730861407564956774?extParam=ivf%3Dfalse%26keyword%3Dbriket+kelapa%26src%3Dsearch",
    "search_query":"briket kelapa",
    "weight_kg":1.0,
    "price_per_kg":77000.0,
    "0":"lain",
    "1":"lain",
    "2":"lokal"
  },
  {
    "_id":{
      "$oid":"684910517013c07662ad8e9e"
    },
    "timestamp_scrape":"2025-06-11T11:46:27.742418",
    "ecommerce":"Tokopedia",
    "product_name":"Ace Flame Briket Arang Batok Kelapa Charcoal Briquettes Coco Shell 3Kg",
    "price_raw":"Rp74.900",
    "price_clean":74900.0,
    "shop_name":"alFatih_Store09",
    "sold_count_raw":"1 terjual",
    "sold_count_clean":1.0,
    "product_url":"https:\/\/www.tokopedia.com\/alfatihstore09\/ace-flame-briket-arang-batok-kelapa-charcoal-briquettes-coco-shell-3kg?extParam=ivf%3Dfalse%26keyword%3Dbriket+kelapa%26src%3Dsearch",
    "search_query":"briket kelapa",
    "weight_kg":3.0,
    "price_per_kg":24966.6666666667,
    "0":"lain",
    "1":"lain",
    "2":"lokal"
  },
  {
    "_id":{
      "$oid":"684910517013c07662ad8e9f"
    },
    "timestamp_scrape":"2025-06-11T11:46:28.996423",
    "ecommerce":"Tokopedia",
    "product_name":"PTR Arang areng briket 100% Batok Kelapa Grade A Buat Shisha Hookah",
    "price_raw":"Rp43.020",
    "price_clean":43020.0,
    "shop_name":"arfatan33",
    "sold_count_raw":"0 terjual",
    "sold_count_clean":0.0,
    "product_url":"https:\/\/www.tokopedia.com\/arfatan33\/ptr-arang-areng-briket-100-batok-kelapa-grade-a-buat-shisha-hookah?extParam=ivf%3Dfalse%26keyword%3Dbriket+kelapa%26src%3Dsearch",
    "search_query":"briket kelapa",
    "weight_kg":null,
    "price_per_kg":null,
    "0":"lain",
    "1":"lain",
    "2":"lokal"
  },
  {
    "_id":{
      "$oid":"684910517013c07662ad8ea0"
    },
    "timestamp_scrape":"2025-06-11T11:46:30.249539",
    "ecommerce":"Tokopedia",
    "product_name":"Arang Briket Cube Kubus Kotak Dadu Batok Kelapa BBQ Barbekyu Sisha 1 kg",
    "price_raw":"Rp15.500",
    "price_clean":15500.0,
    "shop_name":"SALUYU TANI",
    "sold_count_raw":"0 terjual",
    "sold_count_clean":0.0,
    "product_url":"https:\/\/www.tokopedia.com\/saluyu-tani\/arang-briket-cube-kubus-kotak-dadu-batok-kelapa-bbq-barbekyu-sisha-1-kg-1729595470876609024?extParam=ivf%3Dfalse%26keyword%3Dbriket+kelapa%26src%3Dsearch",
    "search_query":"briket kelapa",
    "weight_kg":1.0,
    "price_per_kg":15500.0,
    "0":"hexagonal",
    "1":"lain",
    "2":"export"
  },
  {
    "_id":{
      "$oid":"684910517013c07662ad8ea1"
    },
    "timestamp_scrape":"2025-06-11T11:46:30.846696",
    "ecommerce":"Tokopedia",
    "product_name":"Flame Arang Batok Kelapa Briket Arang tidak berbau Kualitas Terbaik",
    "price_raw":"Rp98.000",
    "price_clean":98000.0,
    "shop_name":"tokorafareva",
    "sold_count_raw":"1 terjual",
    "sold_count_clean":1.0,
    "product_url":"https:\/\/www.tokopedia.com\/tokorafareva\/flame-arang-batok-kelapa-briket-arang-tidak-berbau-kualitas-terbaik?extParam=ivf%3Dfalse%26keyword%3Dbriket+kelapa%26src%3Dsearch",
    "search_query":"briket kelapa",
    "weight_kg":null,
    "price_per_kg":null,
    "0":"lain",
    "1":"lain",
    "2":"lokal"
  },
  {
    "_id":{
      "$oid":"684910517013c07662ad8ea4"
    },
    "timestamp_scrape":"2025-06-11T11:46:56.330953",
    "ecommerce":"Tokopedia",
    "product_name":"BRIKET ARANG KELAPA EKSPOR, BRIKET ARANG KELAPA PREMIUM RESTO 4 KG",
    "price_raw":"Rp45.000",
    "price_clean":45000.0,
    "shop_name":"Maxiz Store",
    "sold_count_raw":"2 terjual",
    "sold_count_clean":2.0,
    "product_url":"https:\/\/www.tokopedia.com\/maxizstore\/briket-arang-kelapa-ekspor-briket-arang-kelapa-premium-resto-4-kg?extParam=ivf%3Dfalse%26keyword%3Dbriket+kelapa%26src%3Dsearch",
    "search_query":"briket kelapa",
    "weight_kg":4.0,
    "price_per_kg":11250.0,
    "0":"lain",
    "1":"bbq",
    "2":"lokal"
  },
  {
    "_id":{
      "$oid":"684910517013c07662ad8ea5"
    },
    "timestamp_scrape":"2025-06-11T11:46:56.920629",
    "ecommerce":"Tokopedia",
    "product_name":"Arang Briket Cube Kubus Kotak Batok Kelapa BBQ Barbekyu Sisha",
    "price_raw":"Rp7.000",
    "price_clean":7000.0,
    "shop_name":"Bruno stars",
    "sold_count_raw":"30+ terjual",
    "sold_count_clean":30.0,
    "product_url":"https:\/\/www.tokopedia.com\/brunostars\/arang-briket-cube-kubus-kotak-batok-kelapa-bbq-barbekyu-sisha-1730922246020499394?extParam=ivf%3Dfalse%26keyword%3Dbriket+kelapa%26src%3Dsearch",
    "search_query":"briket kelapa",
    "weight_kg":null,
    "price_per_kg":null,
    "0":"hexagonal",
    "1":"lain",
    "2":"export"
  },
  {
    "_id":{
      "$oid":"684910517013c07662ad8ea6"
    },
    "timestamp_scrape":"2025-06-11T11:46:58.194453",
    "ecommerce":"Tokopedia",
    "product_name":"Arang briket batok kelapa",
    "price_raw":"Rp7.500",
    "price_clean":7500.0,
    "shop_name":"BEZA BRIKET",
    "sold_count_raw":"0 terjual",
    "sold_count_clean":0.0,
    "product_url":"https:\/\/www.tokopedia.com\/beza-briket\/arang-briket-batok-kelapa-1731512721775494536?extParam=ivf%3Dfalse%26keyword%3Dbriket+kelapa%26src%3Dsearch",
    "search_query":"briket kelapa",
    "weight_kg":null,
    "price_per_kg":null,
    "0":"lain",
    "1":"lain",
    "2":"lokal"
  },
  {
    "_id":{
      "$oid":"684910517013c07662ad8ea7"
    },
    "timestamp_scrape":"2025-06-11T11:46:58.785004",
    "ecommerce":"Tokopedia",
    "product_name":"promo arang briket batok kelapa 1kg termurah",
    "price_raw":"Rp9.400",
    "price_clean":9400.0,
    "shop_name":"LAZUARDYCHARCOAL",
    "sold_count_raw":"1 terjual",
    "sold_count_clean":1.0,
    "product_url":"https:\/\/www.tokopedia.com\/lazuardycharcoal\/promo-arang-briket-batok-kelapa-1kg-termurah-1731279402739861135?extParam=ivf%3Dfalse%26keyword%3Dbriket+kelapa%26src%3Dsearch",
    "search_query":"briket kelapa",
    "weight_kg":1.0,
    "price_per_kg":9400.0,
    "0":"lain",
    "1":"lain",
    "2":"lokal"
  },
  {
    "_id":{
      "$oid":"684910517013c07662ad8ea8"
    },
    "timestamp_scrape":"2025-06-11T11:46:59.380378",
    "ecommerce":"Tokopedia",
    "product_name":"Briket Hexagonal Batok Kelapa Isi 1 kg Berbeque Murah - Kitchenware",
    "price_raw":"Rp7.000",
    "price_clean":7000.0,
    "shop_name":"Alfatih Souvenir_NEW",
    "sold_count_raw":"6 terjual",
    "sold_count_clean":6.0,
    "product_url":"https:\/\/www.tokopedia.com\/alfatih-souvenir\/briket-hexagonal-batok-kelapa-isi-1-kg-berbeque-murah-kitchenware-1730707893928494871?extParam=ivf%3Dfalse%26keyword%3Dbriket+kelapa%26src%3Dsearch",
    "search_query":"briket kelapa",
    "weight_kg":1.0,
    "price_per_kg":7000.0,
    "0":"lain",
    "1":"lain",
    "2":"lokal"
  },
  {
    "_id":{
      "$oid":"684910517013c07662ad8ea9"
    },
    "timestamp_scrape":"2025-06-11T11:46:59.971344",
    "ecommerce":"Tokopedia",
    "product_name":"Arang Briket Batok Kelapa Bara Bara 1 kg - Cocok untuk Dapur - Batu, Kitchenware",
    "price_raw":"Rp14.000",
    "price_clean":14000.0,
    "shop_name":"Toko Al-Habib",
    "sold_count_raw":"2 terjual",
    "sold_count_clean":2.0,
    "product_url":"https:\/\/www.tokopedia.com\/toko-al-habib\/arang-briket-batok-kelapa-bara-bara-1-kg-cocok-untuk-dapur-batu-kitchenware-1730880370932155915?extParam=ivf%3Dfalse%26keyword%3Dbriket+kelapa%26src%3Dsearch",
    "search_query":"briket kelapa",
    "weight_kg":1.0,
    "price_per_kg":14000.0,
    "0":"lain",
    "1":"lain",
    "2":"lokal"
  },
  {
    "_id":{
      "$oid":"684910517013c07662ad8eaa"
    },
    "timestamp_scrape":"2025-06-11T11:47:00.561771",
    "ecommerce":"Tokopedia",
    "product_name":"1 kg Briket Arang 100% Batok Kelapa kualitas ekspor - tanpa dus",
    "price_raw":"Rp48.510",
    "price_clean":48510.0,
    "shop_name":"GalataStore",
    "sold_count_raw":"1 terjual",
    "sold_count_clean":1.0,
    "product_url":"https:\/\/www.tokopedia.com\/galatastore\/1-kg-briket-arang-100-batok-kelapa-kualitas-ekspor-tanpa-dus-1729583845427742917?extParam=ivf%3Dfalse%26keyword%3Dbriket+kelapa%26src%3Dsearch",
    "search_query":"briket kelapa",
    "weight_kg":1.0,
    "price_per_kg":48510.0,
    "0":"lain",
    "1":"shisha",
    "2":"export"
  },
  {
    "_id":{
      "$oid":"684910517013c07662ad8eab"
    },
    "timestamp_scrape":"2025-06-11T11:47:01.151607",
    "ecommerce":"Tokopedia",
    "product_name":"Arang Briket  Batok Kelapa 1 kg Media Bakaran Bekal mendaki kemah kamping BBQ",
    "price_raw":"Rp9.600",
    "price_clean":9600.0,
    "shop_name":"AyOooJajan",
    "sold_count_raw":"16 terjual",
    "sold_count_clean":16.0,
    "product_url":"https:\/\/www.tokopedia.com\/ayooojajan-1\/arang-briket-batok-kelapa-1-kg-media-bakaran-bekal-mendaki-kemah-kamping-bbq?extParam=ivf%3Dfalse%26keyword%3Dbriket+kelapa%26src%3Dsearch",
    "search_query":"briket kelapa",
    "weight_kg":1.0,
    "price_per_kg":9600.0,
    "0":"lain",
    "1":"lain",
    "2":"export"
  },
  {
    "_id":{
      "$oid":"684910517013c07662ad8eac"
    },
    "timestamp_scrape":"2025-06-11T11:47:01.744704",
    "ecommerce":"Tokopedia",
    "product_name":"briket arang batok kelapa 1 kg",
    "price_raw":"Rp11.000",
    "price_clean":11000.0,
    "shop_name":"Starlite Briket Jaya",
    "sold_count_raw":"9 terjual",
    "sold_count_clean":9.0,
    "product_url":"https:\/\/www.tokopedia.com\/starlitebriketjaya\/briket-arang-batok-kelapa-1-kg?extParam=ivf%3Dfalse%26keyword%3Dbriket+kelapa%26src%3Dsearch",
    "search_query":"briket kelapa",
    "weight_kg":1.0,
    "price_per_kg":11000.0,
    "0":"lain",
    "1":"lain",
    "2":"lokal"
  },
  {
    "_id":{
      "$oid":"684910517013c07662ad8ead"
    },
    "timestamp_scrape":"2025-06-11T11:47:02.335367",
    "ecommerce":"Tokopedia",
    "product_name":"Briket Arang Batok Tempurung Kelapa Cetak Rendah Asap Siap Untuk Pemanas Tungku Panggangan Cisa WMO AB2",
    "price_raw":"Rp12.900",
    "price_clean":12900.0,
    "shop_name":"We_Store88",
    "sold_count_raw":"10 terjual",
    "sold_count_clean":10.0,
    "product_url":"https:\/\/www.tokopedia.com\/westore88-1\/briket-arang-batok-tempurung-kelapa-cetak-rendah-asap-siap-untuk-pemanas-tungku-panggangan-cisa-wmo-ab2-2-5x2-5cm-1kg-e7a67?extParam=ivf%3Dfalse%26keyword%3Dbriket+kelapa%26src%3Dsearch",
    "search_query":"briket kelapa",
    "weight_kg":null,
    "price_per_kg":null,
    "0":"lain",
    "1":"bbq",
    "2":"lokal"
  },
  {
    "_id":{
      "$oid":"684910517013c07662ad8eae"
    },
    "timestamp_scrape":"2025-06-11T11:47:02.921612",
    "ecommerce":"Tokopedia",
    "product_name":"Briket Arang Batok Kelapa",
    "price_raw":"Rp10.000",
    "price_clean":10000.0,
    "shop_name":"Hari Baru",
    "sold_count_raw":"6 terjual",
    "sold_count_clean":6.0,
    "product_url":"https:\/\/www.tokopedia.com\/haribaru\/briket-arang-batok-kelapa?extParam=ivf%3Dfalse%26keyword%3Dbriket+kelapa%26src%3Dsearch",
    "search_query":"briket kelapa",
    "weight_kg":null,
    "price_per_kg":null,
    "0":"lain",
    "1":"lain",
    "2":"lokal"
  },
  {
    "_id":{
      "$oid":"684910517013c07662ad8eb1"
    },
    "timestamp_scrape":"2025-06-11T11:47:28.261216",
    "ecommerce":"Tokopedia",
    "product_name":"ARANG KELAPA BRIKET | BBQ |BAKAR SATE | KOREAN GRILL VARIAN BENTUK",
    "price_raw":"Rp12.000",
    "price_clean":12000.0,
    "shop_name":"Astana Burdin",
    "sold_count_raw":"90+ terjual",
    "sold_count_clean":90.0,
    "product_url":"https:\/\/www.tokopedia.com\/astanaburdin\/arang-kelapa-briket-bbq-bakar-sate-korean-grill-varian-bentuk-1731054831480767861?extParam=ivf%3Dfalse%26keyword%3Dbriket+kelapa%26src%3Dsearch",
    "search_query":"briket kelapa",
    "weight_kg":null,
    "price_per_kg":null,
    "0":"hexagonal",
    "1":"lain",
    "2":"lokal"
  },
  {
    "_id":{
      "$oid":"684910517013c07662ad8eb2"
    },
    "timestamp_scrape":"2025-06-11T11:47:29.545608",
    "ecommerce":"Tokopedia",
    "product_name":"New 1Kg Isi 72pc Arang Briket Bricket Batok Kelapa Coconut Charcoal Briquettes BBQ Cube 2,5 Cm",
    "price_raw":"Rp38.478",
    "price_clean":38478.0,
    "shop_name":"mowin store",
    "sold_count_raw":"0 terjual",
    "sold_count_clean":0.0,
    "product_url":"https:\/\/www.tokopedia.com\/archive-roselinawahyuni-1649830209\/new-1kg-isi-72pc-arang-briket-bricket-batok-kelapa-coconut-charcoal-briquettes-bbq-cube-2-5-cm?extParam=ivf%3Dfalse%26keyword%3Dbriket+kelapa%26src%3Dsearch",
    "search_query":"briket kelapa",
    "weight_kg":1.0,
    "price_per_kg":38478.0,
    "0":"lain",
    "1":"bbq",
    "2":"export"
  },
  {
    "_id":{
      "$oid":"684910517013c07662ad8eb4"
    },
    "timestamp_scrape":"2025-06-11T11:47:30.730757",
    "ecommerce":"Tokopedia",
    "product_name":"Ace Flame Briket Arang Batok Kelapa Charcoal Briquettes Coco Shell 3Kg",
    "price_raw":"Rp115.000",
    "price_clean":115000.0,
    "shop_name":"Benalutehh",
    "sold_count_raw":"2 terjual",
    "sold_count_clean":2.0,
    "product_url":"https:\/\/www.tokopedia.com\/benalutehh\/ace-flame-briket-arang-batok-kelapa-charcoal-briquettes-coco-shell-3kg-1731035727158150433?extParam=ivf%3Dfalse%26keyword%3Dbriket+kelapa%26src%3Dsearch",
    "search_query":"briket kelapa",
    "weight_kg":3.0,
    "price_per_kg":38333.3333333333,
    "0":"lain",
    "1":"lain",
    "2":"lokal"
  },
  {
    "_id":{
      "$oid":"684910517013c07662ad8eb5"
    },
    "timestamp_scrape":"2025-06-11T11:47:31.325781",
    "ecommerce":"Tokopedia",
    "product_name":"Briket Batok Kelapa Arang BBQ Grill Charcoal BBQ Briket Arang Sate",
    "price_raw":"Rp38.000",
    "price_clean":38000.0,
    "shop_name":"Aesthetic Rooms",
    "sold_count_raw":"1 terjual",
    "sold_count_clean":1.0,
    "product_url":"https:\/\/www.tokopedia.com\/aestheticrooms\/briket-batok-kelapa-arang-bbq-grill-charcoal-bbq-briket-arang-sate?extParam=ivf%3Dfalse%26keyword%3Dbriket+kelapa%26src%3Dsearch",
    "search_query":"briket kelapa",
    "weight_kg":null,
    "price_per_kg":null,
    "0":"cube",
    "1":"lain",
    "2":"export"
  },
  {
    "_id":{
      "$oid":"684910517013c07662ad8eb6"
    },
    "timestamp_scrape":"2025-06-11T11:47:32.556628",
    "ecommerce":"Tokopedia",
    "product_name":"Briket batok kelapa , briket bahan dari kayu",
    "price_raw":"Rp15.000",
    "price_clean":15000.0,
    "shop_name":"tamansurya",
    "sold_count_raw":"0 terjual",
    "sold_count_clean":0.0,
    "product_url":"https:\/\/www.tokopedia.com\/tamansurya-982\/briket-batok-kelapa-briket-bahan-dari-kayu-1729987310810401174?extParam=ivf%3Dfalse%26keyword%3Dbriket+kelapa%26src%3Dsearch",
    "search_query":"briket kelapa",
    "weight_kg":null,
    "price_per_kg":null,
    "0":"lain",
    "1":"lain",
    "2":"lokal"
  },
  {
    "_id":{
      "$oid":"684910517013c07662ad8eb7"
    },
    "timestamp_scrape":"2025-06-11T11:47:33.758820",
    "ecommerce":"Tokopedia",
    "product_name":"TERLARIS ARANG KELAPA BRIKET 1 DUS (10kg) BBQ Charcoal Kualitas Export Premium READY",
    "price_raw":"Rp156.000",
    "price_clean":156000.0,
    "shop_name":"Pocir4Store",
    "sold_count_raw":"0 terjual",
    "sold_count_clean":0.0,
    "product_url":"https:\/\/www.tokopedia.com\/pocir4store\/terlaris-arang-kelapa-briket-1-dus-10kg-bbq-charcoal-kualitas-export-premium-ready-1731628214293267509?extParam=ivf%3Dfalse%26keyword%3Dbriket+kelapa%26src%3Dsearch",
    "search_query":"briket kelapa",
    "weight_kg":10.0,
    "price_per_kg":15600.0,
    "0":"lain",
    "1":"bbq",
    "2":"lokal"
  },
  {
    "_id":{
      "$oid":"684910517013c07662ad8eb8"
    },
    "timestamp_scrape":"2025-06-11T11:47:34.975011",
    "ecommerce":"Tokopedia",
    "product_name":"\"tdr01\" Arang Briket Batok Kelapa Murni Kotak Super Premium Shisha BBQ 200grm Sulawesi Utara Berkualitas Alami Murah",
    "price_raw":"Rp16.000",
    "price_clean":16000.0,
    "shop_name":"12Trans_Store",
    "sold_count_raw":"0 terjual",
    "sold_count_clean":0.0,
    "product_url":"https:\/\/www.tokopedia.com\/tokocelanachinos\/tdr01-arang-briket-batok-kelapa-murni-kotak-super-premium-shisha-bbq-200grm-sulawesi-utara-berkualitas-alami-murah?extParam=ivf%3Dfalse%26keyword%3Dbriket+kelapa%26src%3Dsearch",
    "search_query":"briket kelapa",
    "weight_kg":0.2,
    "price_per_kg":80000.0,
    "0":"lain",
    "1":"shisha",
    "2":"lokal"
  },
  {
    "_id":{
      "$oid":"684910517013c07662ad8eb9"
    },
    "timestamp_scrape":"2025-06-11T11:47:36.219266",
    "ecommerce":"Tokopedia",
    "product_name":"arang briket batok kelapa hexagonal (PAKET 4kg) BBQ & penghangat peternakan",
    "price_raw":"Rp76.000",
    "price_clean":76000.0,
    "shop_name":"zindan prabot",
    "sold_count_raw":"0 terjual",
    "sold_count_clean":0.0,
    "product_url":"https:\/\/www.tokopedia.com\/zindan\/arang-briket-batok-kelapa-hexagonal-paket-4kg-bbq-penghangat-peternakan-1730776177494885551?extParam=ivf%3Dfalse%26keyword%3Dbriket+kelapa%26src%3Dsearch",
    "search_query":"briket kelapa",
    "weight_kg":4.0,
    "price_per_kg":19000.0,
    "0":"lain",
    "1":"lain",
    "2":"lokal"
  },
  {
    "_id":{
      "$oid":"684910517013c07662ad8eba"
    },
    "timestamp_scrape":"2025-06-11T11:47:37.433553",
    "ecommerce":"Tokopedia",
    "product_name":"Briket Arang Batok Kelapa 2kg Cocok Untuk Barbeque BBQ Arang Praktik Mudah Menyala",
    "price_raw":"Rp115.000",
    "price_clean":115000.0,
    "shop_name":"service t12",
    "sold_count_raw":"0 terjual",
    "sold_count_clean":0.0,
    "product_url":"https:\/\/www.tokopedia.com\/servicet12\/briket-arang-batok-kelapa-2kg-cocok-untuk-barbeque-bbq-arang-praktik-mudah-menyala-1731125180657862516?extParam=ivf%3Dfalse%26keyword%3Dbriket+kelapa%26src%3Dsearch",
    "search_query":"briket kelapa",
    "weight_kg":2.0,
    "price_per_kg":57500.0,
    "0":"lain",
    "1":"bbq",
    "2":"lokal"
  },
  {
    "_id":{
      "$oid":"684910517013c07662ad8ebb"
    },
    "timestamp_scrape":"2025-06-11T11:47:38.658587",
    "ecommerce":"Tokopedia",
    "product_name":"4MAN ARANG BRIKET KELAPA 1 KG",
    "price_raw":"Rp16.000",
    "price_clean":16000.0,
    "shop_name":"aniroyani",
    "sold_count_raw":"0 terjual",
    "sold_count_clean":0.0,
    "product_url":"https:\/\/www.tokopedia.com\/aniroyani\/4man-arang-briket-kelapa-1-kg?extParam=ivf%3Dfalse%26keyword%3Dbriket+kelapa%26src%3Dsearch",
    "search_query":"briket kelapa",
    "weight_kg":1.0,
    "price_per_kg":16000.0,
    "0":"lain",
    "1":"lain",
    "2":"lokal"
  },
  {
    "_id":{
      "$oid":"684910517013c07662ad8ebc"
    },
    "timestamp_scrape":"2025-06-11T11:47:39.389659",
    "ecommerce":"Tokopedia",
    "product_name":"Paket Murah Arang Batok Kelapa Asli 1Kg Briket Arang Batok Kelapa Asli 1Kg Briket Arang 1 Kg",
    "price_raw":"Rp17.600",
    "price_clean":17600.0,
    "shop_name":"id.Dream Home Goods",
    "sold_count_raw":"0 terjual",
    "sold_count_clean":0.0,
    "product_url":"https:\/\/www.tokopedia.com\/dreamhomegoods\/paket-murah-arang-batok-kelapa-asli-1kg-briket-arang-batok-kelapa-asli-1kg-briket-arang-1-kg-1731202279475742176?extParam=ivf%3Dfalse%26keyword%3Dbriket+kelapa%26src%3Dsearch",
    "search_query":"briket kelapa",
    "weight_kg":1.0,
    "price_per_kg":17600.0,
    "0":"lain",
    "1":"lain",
    "2":"lokal"
  },
  {
    "_id":{
      "$oid":"684910517013c07662ad8ebf"
    },
    "timestamp_scrape":"2025-06-11T11:48:06.179448",
    "ecommerce":"Tokopedia",
    "product_name":"4MAN Arang briket batok kelapa berat 1kg",
    "price_raw":"Rp12.000",
    "price_clean":12000.0,
    "shop_name":"aniroyani",
    "sold_count_raw":"0 terjual",
    "sold_count_clean":0.0,
    "product_url":"https:\/\/www.tokopedia.com\/aniroyani\/4man-arang-briket-batok-kelapa-berat-1kg?extParam=ivf%3Dfalse%26keyword%3Dbriket+kelapa%26src%3Dsearch",
    "search_query":"briket kelapa",
    "weight_kg":1.0,
    "price_per_kg":12000.0,
    "0":"lain",
    "1":"lain",
    "2":"lokal"
  },
  {
    "_id":{
      "$oid":"684910517013c07662ad8ec0"
    },
    "timestamp_scrape":"2025-06-11T11:48:07.376608",
    "ecommerce":"Tokopedia",
    "product_name":"Optima Arang  Briket Hexagonal Batok Kelapa 10 Kg Export Quality MURAH",
    "price_raw":"Rp219.300",
    "price_clean":219300.0,
    "shop_name":"andreolsip-1",
    "sold_count_raw":"0 terjual",
    "sold_count_clean":0.0,
    "product_url":"https:\/\/www.tokopedia.com\/andreolsip-1\/optima-arang-briket-hexagonal-batok-kelapa-10-kg-export-quality-murah-1731538945822262938?extParam=ivf%3Dfalse%26keyword%3Dbriket+kelapa%26src%3Dsearch",
    "search_query":"briket kelapa",
    "weight_kg":10.0,
    "price_per_kg":21930.0,
    "0":"lain",
    "1":"shisha",
    "2":"lokal"
  },
  {
    "_id":{
      "$oid":"684910517013c07662ad8ec1"
    },
    "timestamp_scrape":"2025-06-11T11:48:08.589761",
    "ecommerce":"Tokopedia",
    "product_name":"arang briket batok kelapa 1kg",
    "price_raw":"Rp8.500",
    "price_clean":8500.0,
    "shop_name":"Alofoq coconut",
    "sold_count_raw":"0 terjual",
    "sold_count_clean":0.0,
    "product_url":"https:\/\/www.tokopedia.com\/alofoq-coconut\/arang-briket-batok-kelapa-1kg?extParam=ivf%3Dfalse%26keyword%3Dbriket+kelapa%26src%3Dsearch",
    "search_query":"briket kelapa",
    "weight_kg":1.0,
    "price_per_kg":8500.0,
    "0":"lain",
    "1":"lain",
    "2":"lokal"
  },
  {
    "_id":{
      "$oid":"684910517013c07662ad8ec2"
    },
    "timestamp_scrape":"2025-06-11T11:48:09.822837",
    "ecommerce":"Tokopedia",
    "product_name":"Arang Briket Kotak 1kg Batok Kelapa isi 26pcs - BBQ barbeque",
    "price_raw":"Rp48.699",
    "price_clean":48699.0,
    "shop_name":"service t12",
    "sold_count_raw":"0 terjual",
    "sold_count_clean":0.0,
    "product_url":"https:\/\/www.tokopedia.com\/servicet12\/arang-briket-kotak-1kg-batok-kelapa-isi-26pcs-bbq-barbeque-1731125174223865716?extParam=ivf%3Dfalse%26keyword%3Dbriket+kelapa%26src%3Dsearch",
    "search_query":"briket kelapa",
    "weight_kg":1.0,
    "price_per_kg":48699.0,
    "0":"lain",
    "1":"shisha",
    "2":"lokal"
  },
  {
    "_id":{
      "$oid":"684910517013c07662ad8ec3"
    },
    "timestamp_scrape":"2025-06-11T11:48:11.035364",
    "ecommerce":"Tokopedia",
    "product_name":"CusKirim- Arang Briket 100% Batok Kelapa Quality Export 1kg grade B",
    "price_raw":"Rp32.000",
    "price_clean":32000.0,
    "shop_name":"nuryaniiiiiii",
    "sold_count_raw":"0 terjual",
    "sold_count_clean":0.0,
    "product_url":"https:\/\/www.tokopedia.com\/nuryaniiiiiii\/cuskirim-arang-briket-100-batok-kelapa-quality-export-1kg-grade-b-1730960444776810472?extParam=ivf%3Dfalse%26keyword%3Dbriket+kelapa%26src%3Dsearch",
    "search_query":"briket kelapa",
    "weight_kg":1.0,
    "price_per_kg":32000.0,
    "0":"hexagonal",
    "1":"lain",
    "2":"export"
  },
  {
    "_id":{
      "$oid":"684910517013c07662ad8ec4"
    },
    "timestamp_scrape":"2025-06-11T11:48:12.245504",
    "ecommerce":"Tokopedia",
    "product_name":"ARANG BRIKET BATOK KELAPA BBQ UNTUK RESTO, KAFE 4 KG Terlaris",
    "price_raw":"Rp61.000",
    "price_clean":61000.0,
    "shop_name":"Riyanstore959",
    "sold_count_raw":"0 terjual",
    "sold_count_clean":0.0,
    "product_url":"https:\/\/www.tokopedia.com\/riyanstore959\/arang-briket-batok-kelapa-bbq-untuk-resto-kafe-4-kg-terlaris-1731075189842741103?extParam=ivf%3Dfalse%26keyword%3Dbriket+kelapa%26src%3Dsearch",
    "search_query":"briket kelapa",
    "weight_kg":4.0,
    "price_per_kg":15250.0,
    "0":"lain",
    "1":"lain",
    "2":"lokal"
  },
  {
    "_id":{
      "$oid":"684910517013c07662ad8ec5"
    },
    "timestamp_scrape":"2025-06-11T11:48:13.462549",
    "ecommerce":"Tokopedia",
    "product_name":"Arang briket hexagonal kelapa kualitas ekspor barbeque",
    "price_raw":"Rp6.375",
    "price_clean":6375.0,
    "shop_name":"April come",
    "sold_count_raw":"0 terjual",
    "sold_count_clean":0.0,
    "product_url":"https:\/\/www.tokopedia.com\/aprilcome\/arang-briket-hexagonal-kelapa-kualitas-ekspor-barbeque-1731345795481044538?extParam=ivf%3Dfalse%26keyword%3Dbriket+kelapa%26src%3Dsearch",
    "search_query":"briket kelapa",
    "weight_kg":null,
    "price_per_kg":null,
    "0":"lain",
    "1":"lain",
    "2":"lokal"
  },
  {
    "_id":{
      "$oid":"684910517013c07662ad8ec6"
    },
    "timestamp_scrape":"2025-06-11T11:48:14.726583",
    "ecommerce":"Tokopedia",
    "product_name":"Arang briket batok kelapa grosir",
    "price_raw":"Rp9.000",
    "price_clean":9000.0,
    "shop_name":"bus!nes",
    "sold_count_raw":"0 terjual",
    "sold_count_clean":0.0,
    "product_url":"https:\/\/www.tokopedia.com\/busnes-1\/arang-briket-batok-kelapa-grosir?extParam=ivf%3Dfalse%26keyword%3Dbriket+kelapa%26src%3Dsearch",
    "search_query":"briket kelapa",
    "weight_kg":null,
    "price_per_kg":null,
    "0":"hexagonal",
    "1":"lain",
    "2":"lokal"
  },
  {
    "_id":{
      "$oid":"684910517013c07662ad8ec7"
    },
    "timestamp_scrape":"2025-06-11T11:48:15.936875",
    "ecommerce":"Tokopedia",
    "product_name":"ARANG BRIKET KELAPA 1 KG",
    "price_raw":"Rp16.000",
    "price_clean":16000.0,
    "shop_name":"TOKO MAME_SLAMET",
    "sold_count_raw":"0 terjual",
    "sold_count_clean":0.0,
    "product_url":"https:\/\/www.tokopedia.com\/tokomame\/arang-briket-kelapa-1-kg?extParam=ivf%3Dfalse%26keyword%3Dbriket+kelapa%26src%3Dsearch",
    "search_query":"briket kelapa",
    "weight_kg":1.0,
    "price_per_kg":16000.0,
    "0":"hexagonal",
    "1":"bbq",
    "2":"lokal"
  },
  {
    "_id":{
      "$oid":"684910517013c07662ad8ec8"
    },
    "timestamp_scrape":"2025-06-11T11:48:17.157135",
    "ecommerce":"Tokopedia",
    "product_name":"ANN COCO FAST GRILL BRIKET \/ ARANG KELAPA ISI 2 PCS",
    "price_raw":"Rp66.000",
    "price_clean":66000.0,
    "shop_name":"andyy1",
    "sold_count_raw":"0 terjual",
    "sold_count_clean":0.0,
    "product_url":"https:\/\/www.tokopedia.com\/archive-andyy1-1724026763\/ann-coco-fast-grill-briket-arang-kelapa-isi-2-pcs?extParam=ivf%3Dfalse%26keyword%3Dbriket+kelapa%26src%3Dsearch",
    "search_query":"briket kelapa",
    "weight_kg":null,
    "price_per_kg":null,
    "0":"lain",
    "1":"lain",
    "2":"lokal"
  },
  {
    "_id":{
      "$oid":"684910517013c07662ad8ec9"
    },
    "timestamp_scrape":"2025-06-11T11:48:18.271859",
    "ecommerce":"Tokopedia",
    "product_name":"Hot Briket Arang Batok Kelapa \/ Barbeque Briket Terlaris",
    "price_raw":"Rp26.800",
    "price_clean":26800.0,
    "shop_name":"FATTAH official store15",
    "sold_count_raw":"0 terjual",
    "sold_count_clean":0.0,
    "product_url":"https:\/\/www.tokopedia.com\/fshop15-2\/hot-briket-arang-batok-kelapa-barbeque-briket-terlaris?extParam=ivf%3Dfalse%26keyword%3Dbriket+kelapa%26src%3Dsearch",
    "search_query":"briket kelapa",
    "weight_kg":null,
    "price_per_kg":null,
    "0":"lain",
    "1":"lain",
    "2":"lokal"
  },
  {
    "_id":{
      "$oid":"684910517013c07662ad8ecc"
    },
    "timestamp_scrape":"2025-06-11T11:48:50.758082",
    "ecommerce":"Tokopedia",
    "product_name":"New4! Arang briket shisha 100% Arang batok kelapa Grade A kualitas ekspor 4Pr4!",
    "price_raw":"Rp14.700",
    "price_clean":14700.0,
    "shop_name":"Cemerlang256",
    "sold_count_raw":"2 terjual",
    "sold_count_clean":2.0,
    "product_url":"https:\/\/www.tokopedia.com\/cemerlang256\/new4-arang-briket-shisha-100-arang-batok-kelapa-grade-a-kualitas-ekspor-4pr4-1731113518078460969?extParam=ivf%3Dfalse%26keyword%3Dbriket+kelapa%26src%3Dsearch",
    "search_query":"briket kelapa",
    "weight_kg":null,
    "price_per_kg":null,
    "0":"hexagonal",
    "1":"bbq",
    "2":"lokal"
  },
  {
    "_id":{
      "$oid":"684910517013c07662ad8ecd"
    },
    "timestamp_scrape":"2025-06-11T11:48:52.019261",
    "ecommerce":"Tokopedia",
    "product_name":"Optima Arang Briket Batok Kelapa 1 Kg Kualitas Export",
    "price_raw":"Rp22.000",
    "price_clean":22000.0,
    "shop_name":"id.Dream Home Goods",
    "sold_count_raw":"0 terjual",
    "sold_count_clean":0.0,
    "product_url":"https:\/\/www.tokopedia.com\/dreamhomegoods\/optima-arang-briket-batok-kelapa-1-kg-kualitas-export-1731202283710678496?extParam=ivf%3Dfalse%26keyword%3Dbriket+kelapa%26src%3Dsearch",
    "search_query":"briket kelapa",
    "weight_kg":1.0,
    "price_per_kg":22000.0,
    "0":"lain",
    "1":"bbq",
    "2":"lokal"
  },
  {
    "_id":{
      "$oid":"684910517013c07662ad8ecf"
    },
    "timestamp_scrape":"2025-06-11T11:48:53.838494",
    "ecommerce":"Tokopedia",
    "product_name":"coco fast grill briket arang kelapa briquette starter praktis 310468",
    "price_raw":"Rp49.100",
    "price_clean":49100.0,
    "shop_name":"rumah.idaman.keluarga",
    "sold_count_raw":"0 terjual",
    "sold_count_clean":0.0,
    "product_url":"https:\/\/www.tokopedia.com\/rumahidamankeluarga-316\/coco-fast-grill-briket-arang-kelapa-briquette-starter-praktis-310468-1729877216975686556?extParam=ivf%3Dfalse%26keyword%3Dbriket+kelapa%26src%3Dsearch",
    "search_query":"briket kelapa",
    "weight_kg":null,
    "price_per_kg":null,
    "0":"lain",
    "1":"lain",
    "2":"lokal"
  },
  {
    "_id":{
      "$oid":"684910517013c07662ad8ed0"
    },
    "timestamp_scrape":"2025-06-11T11:48:55.048480",
    "ecommerce":"Tokopedia",
    "product_name":"Briket Batok Kelapa Arang BBQ Grill Charcoal BBQ Briket Arang Sate",
    "price_raw":"Rp35.100",
    "price_clean":35100.0,
    "shop_name":"-Jodie-",
    "sold_count_raw":"0 terjual",
    "sold_count_clean":0.0,
    "product_url":"https:\/\/www.tokopedia.com\/-jodie\/briket-batok-kelapa-arang-bbq-grill-charcoal-bbq-briket-arang-sate?extParam=ivf%3Dfalse%26keyword%3Dbriket+kelapa%26src%3Dsearch",
    "search_query":"briket kelapa",
    "weight_kg":null,
    "price_per_kg":null,
    "0":"lain",
    "1":"lain",
    "2":"lokal"
  },
  {
    "_id":{
      "$oid":"684910517013c07662ad8ed1"
    },
    "timestamp_scrape":"2025-06-11T11:48:56.280132",
    "ecommerce":"Tokopedia",
    "product_name":"arang briket batok kelapa 1kg",
    "price_raw":"Rp16.000",
    "price_clean":16000.0,
    "shop_name":"hanif han",
    "sold_count_raw":"0 terjual",
    "sold_count_clean":0.0,
    "product_url":"https:\/\/www.tokopedia.com\/hanifha-1\/arang-briket-batok-kelapa-1kg?extParam=ivf%3Dfalse%26keyword%3Dbriket+kelapa%26src%3Dsearch",
    "search_query":"briket kelapa",
    "weight_kg":1.0,
    "price_per_kg":16000.0,
    "0":"cube",
    "1":"bbq",
    "2":"lokal"
  },
  {
    "_id":{
      "$oid":"684910517013c07662ad8ed2"
    },
    "timestamp_scrape":"2025-06-11T11:48:57.503914",
    "ecommerce":"Tokopedia",
    "product_name":"Yuhh BRIKET ARANG BATOK KELAPA UNTUK RATUS , BBQ DLL",
    "price_raw":"Rp16.000",
    "price_clean":16000.0,
    "shop_name":"eemhujaeman27",
    "sold_count_raw":"0 terjual",
    "sold_count_clean":0.0,
    "product_url":"https:\/\/www.tokopedia.com\/eemhujaeman\/yuhh-briket-arang-batok-kelapa-untuk-ratus-bbq-dll?extParam=ivf%3Dfalse%26keyword%3Dbriket+kelapa%26src%3Dsearch",
    "search_query":"briket kelapa",
    "weight_kg":null,
    "price_per_kg":null,
    "0":"cube",
    "1":"bbq",
    "2":"lokal"
  },
  {
    "_id":{
      "$oid":"684910517013c07662ad8ed3"
    },
    "timestamp_scrape":"2025-06-11T11:48:58.091299",
    "ecommerce":"Tokopedia",
    "product_name":"briket arang kelapa mix arang kayu bentuk kotak untuk me kutbgo 3076pk",
    "price_raw":"Rp32.000",
    "price_clean":32000.0,
    "shop_name":"Kaluao",
    "sold_count_raw":"4 terjual",
    "sold_count_clean":4.0,
    "product_url":"https:\/\/www.tokopedia.com\/kaluao\/briket-arang-kelapa-mix-arang-kayu-bentuk-kotak-untuk-me-kutbgo-3076pk?extParam=ivf%3Dfalse%26keyword%3Dbriket+kelapa%26src%3Dsearch",
    "search_query":"briket kelapa",
    "weight_kg":null,
    "price_per_kg":null,
    "0":"hexagonal",
    "1":"bbq",
    "2":"lokal"
  },
  {
    "_id":{
      "$oid":"684910517013c07662ad8ed4"
    },
    "timestamp_scrape":"2025-06-11T11:48:59.322392",
    "ecommerce":"Tokopedia",
    "product_name":"4MAN Arang briket batok kelapa 1kg bentuk Hexa uk 10cm",
    "price_raw":"Rp11.000",
    "price_clean":11000.0,
    "shop_name":"aniroyani",
    "sold_count_raw":"0 terjual",
    "sold_count_clean":0.0,
    "product_url":"https:\/\/www.tokopedia.com\/aniroyani\/4man-arang-briket-batok-kelapa-1kg-bentuk-hexa-uk-10cm?extParam=ivf%3Dfalse%26keyword%3Dbriket+kelapa%26src%3Dsearch",
    "search_query":"briket kelapa",
    "weight_kg":1.0,
    "price_per_kg":11000.0,
    "0":"lain",
    "1":"bbq",
    "2":"export"
  },
  {
    "_id":{
      "$oid":"684910517013c07662ad8ed5"
    },
    "timestamp_scrape":"2025-06-11T11:49:00.538583",
    "ecommerce":"Tokopedia",
    "product_name":"Briket Arang Batok Kelapa Premium Quality Export 1kg utk BBQ Limited",
    "price_raw":"Rp12.800",
    "price_clean":12800.0,
    "shop_name":"Ara Qubilahh",
    "sold_count_raw":"0 terjual",
    "sold_count_clean":0.0,
    "product_url":"https:\/\/www.tokopedia.com\/araqubilahh\/briket-arang-batok-kelapa-premium-quality-export-1kg-utk-bbq-limited-1730780292657284749?extParam=ivf%3Dfalse%26keyword%3Dbriket+kelapa%26src%3Dsearch",
    "search_query":"briket kelapa",
    "weight_kg":1.0,
    "price_per_kg":12800.0,
    "0":"cube",
    "1":"bbq",
    "2":"lokal"
  },
  {
    "_id":{
      "$oid":"684910517013c07662ad8ed6"
    },
    "timestamp_scrape":"2025-06-11T11:49:01.774751",
    "ecommerce":"Tokopedia",
    "product_name":"Arang Briket Cube Batok Kelapa Original Kemasan 250 Gr Kualitas Aman Terpercaya",
    "price_raw":"Rp19.000",
    "price_clean":19000.0,
    "shop_name":"EZZA BAMBO",
    "sold_count_raw":"0 terjual",
    "sold_count_clean":0.0,
    "product_url":"https:\/\/www.tokopedia.com\/ezzabambo\/arang-briket-cube-batok-kelapa-original-kemasan-250-gr-kualitas-aman-terpercaya-1731297543947453762?extParam=ivf%3Dfalse%26keyword%3Dbriket+kelapa%26src%3Dsearch",
    "search_query":"briket kelapa",
    "weight_kg":0.25,
    "price_per_kg":76000.0,
    "0":"lain",
    "1":"bbq",
    "2":"lokal"
  },
  {
    "_id":{
      "$oid":"684910517013c07662ad8ed7"
    },
    "timestamp_scrape":"2025-06-11T11:49:02.504513",
    "ecommerce":"Tokopedia",
    "product_name":"CusKirim- Arang Kelapa Briket Coco Charcoal Barbeque",
    "price_raw":"Rp16.000",
    "price_clean":16000.0,
    "shop_name":"herlinaaaaaa",
    "sold_count_raw":"0 terjual",
    "sold_count_clean":0.0,
    "product_url":"https:\/\/www.tokopedia.com\/herlinaaaaaa\/cuskirim-arang-kelapa-briket-coco-charcoal-barbeque-1730960437285061847?extParam=ivf%3Dfalse%26keyword%3Dbriket+kelapa%26src%3Dsearch",
    "search_query":"briket kelapa",
    "weight_kg":null,
    "price_per_kg":null,
    "0":"hexagonal",
    "1":"bbq",
    "2":"lokal"
  },
  {
    "_id":{
      "$oid":"684910517013c07662ad8eda"
    },
    "timestamp_scrape":"2025-06-11T11:49:28.266372",
    "ecommerce":"Tokopedia",
    "product_name":"New Optima Arang Briket Cube Batok Kelapa 12 Kg Kualitas Export",
    "price_raw":"Rp225.000",
    "price_clean":225000.0,
    "shop_name":"supangattt",
    "sold_count_raw":"0 terjual",
    "sold_count_clean":0.0,
    "product_url":"https:\/\/www.tokopedia.com\/supangattt\/new-optima-arang-briket-cube-batok-kelapa-12-kg-kualitas-export-1730765083169228720?extParam=ivf%3Dfalse%26keyword%3Dbriket+kelapa%26src%3Dsearch",
    "search_query":"briket kelapa",
    "weight_kg":12.0,
    "price_per_kg":18750.0,
    "0":"lain",
    "1":"lain",
    "2":"lokal"
  },
  {
    "_id":{
      "$oid":"684910517013c07662ad8edb"
    },
    "timestamp_scrape":"2025-06-11T11:49:28.860725",
    "ecommerce":"Tokopedia",
    "product_name":"arang briket sultan terbuat dr batok kelapa asli",
    "price_raw":"Rp8.750",
    "price_clean":8750.0,
    "shop_name":"sultan briket batok kelapa asli",
    "sold_count_raw":"1 terjual",
    "sold_count_clean":1.0,
    "product_url":"https:\/\/www.tokopedia.com\/sultan-briket\/arang-briket-sultan-terbuat-dr-batok-kelapa-asli?extParam=ivf%3Dfalse%26keyword%3Dbriket+kelapa%26src%3Dsearch",
    "search_query":"briket kelapa",
    "weight_kg":null,
    "price_per_kg":null,
    "0":"lain",
    "1":"lain",
    "2":"export"
  },
  {
    "_id":{
      "$oid":"684910517013c07662ad8edc"
    },
    "timestamp_scrape":"2025-06-11T11:49:30.077920",
    "ecommerce":"Tokopedia",
    "product_name":"briket arang batok kelapa BBQ 1 kg",
    "price_raw":"Rp25.000",
    "price_clean":25000.0,
    "shop_name":"TOKO MAME_SLAMET",
    "sold_count_raw":"0 terjual",
    "sold_count_clean":0.0,
    "product_url":"https:\/\/www.tokopedia.com\/tokomame\/briket-arang-batok-kelapa-bbq-1-kg?extParam=ivf%3Dfalse%26keyword%3Dbriket+kelapa%26src%3Dsearch",
    "search_query":"briket kelapa",
    "weight_kg":1.0,
    "price_per_kg":25000.0,
    "0":"cube",
    "1":"bbq",
    "2":"lokal"
  },
  {
    "_id":{
      "$oid":"684910517013c07662ad8edd"
    },
    "timestamp_scrape":"2025-06-11T11:49:30.662386",
    "ecommerce":"Tokopedia",
    "product_name":"#YJK - Optima Briket Arang Batok Kelapa 1 Kg Shisha Quality Terlaris",
    "price_raw":"Rp22.000",
    "price_clean":22000.0,
    "shop_name":"cv cahan",
    "sold_count_raw":"2 terjual",
    "sold_count_clean":2.0,
    "product_url":"https:\/\/www.tokopedia.com\/ccahan\/yjk-optima-briket-arang-batok-kelapa-1-kg-shisha-quality-terlaris?extParam=ivf%3Dfalse%26keyword%3Dbriket+kelapa%26src%3Dsearch",
    "search_query":"briket kelapa",
    "weight_kg":1.0,
    "price_per_kg":22000.0,
    "0":"cube",
    "1":"bbq",
    "2":"lokal"
  },
  {
    "_id":{
      "$oid":"684910517013c07662ad8ede"
    },
    "timestamp_scrape":"2025-06-11T11:49:31.901290",
    "ecommerce":"Tokopedia",
    "product_name":"NEW Arang Briket Batok Kelapa 1Kg Awet Tanpa Asap Redy Stok",
    "price_raw":"Rp19.980",
    "price_clean":19980.0,
    "shop_name":"Lenngs Shop",
    "sold_count_raw":"0 terjual",
    "sold_count_clean":0.0,
    "product_url":"https:\/\/www.tokopedia.com\/peudidodh\/new-arang-briket-batok-kelapa-1kg-awet-tanpa-asap-redy-stok-1730810792459012046?extParam=ivf%3Dfalse%26keyword%3Dbriket+kelapa%26src%3Dsearch",
    "search_query":"briket kelapa",
    "weight_kg":1.0,
    "price_per_kg":19980.0,
    "0":"lain",
    "1":"lain",
    "2":"lokal"
  },
  {
    "_id":{
      "$oid":"684910517013c07662ad8edf"
    },
    "timestamp_scrape":"2025-06-11T11:49:33.117730",
    "ecommerce":"Tokopedia",
    "product_name":"NATURAL ARANG BRIKET BATOK KELAPA BBQ 5KG NATURAL",
    "price_raw":"Rp90.000",
    "price_clean":90000.0,
    "shop_name":"yxhhhnn",
    "sold_count_raw":"0 terjual",
    "sold_count_clean":0.0,
    "product_url":"https:\/\/www.tokopedia.com\/yxhhhnn\/natural-arang-briket-batok-kelapa-bbq-5kg-natural?extParam=ivf%3Dfalse%26keyword%3Dbriket+kelapa%26src%3Dsearch",
    "search_query":"briket kelapa",
    "weight_kg":5.0,
    "price_per_kg":18000.0,
    "0":"lain",
    "1":"lain",
    "2":"lokal"
  },
  {
    "_id":{
      "$oid":"684910517013c07662ad8ee0"
    },
    "timestamp_scrape":"2025-06-11T11:49:34.375643",
    "ecommerce":"Tokopedia",
    "product_name":"Arang \/ Areng Batok Kelapa - Briket - Murah Terlaris 250gram",
    "price_raw":"Rp7.000",
    "price_clean":7000.0,
    "shop_name":"hanif han",
    "sold_count_raw":"0 terjual",
    "sold_count_clean":0.0,
    "product_url":"https:\/\/www.tokopedia.com\/hanifha-1\/arang-areng-batok-kelapa-briket-murah-terlaris-250gram?extParam=ivf%3Dfalse%26keyword%3Dbriket+kelapa%26src%3Dsearch",
    "search_query":"briket kelapa",
    "weight_kg":0.25,
    "price_per_kg":28000.0,
    "0":"lain",
    "1":"lain",
    "2":"lokal"
  },
  {
    "_id":{
      "$oid":"684910517013c07662ad8ee1"
    },
    "timestamp_scrape":"2025-06-11T11:49:35.582905",
    "ecommerce":"Tokopedia",
    "product_name":"ARANG MAGIC AL AMIR 1 BOX Kualitas Super Premium Briket Batok Kelapa Mudah Nyala Alamir Fire Thunder Lava",
    "price_raw":"Rp78.799",
    "price_clean":78799.0,
    "shop_name":"hanz2007",
    "sold_count_raw":"0 terjual",
    "sold_count_clean":0.0,
    "product_url":"https:\/\/www.tokopedia.com\/hanz2007\/arang-magic-al-amir-1-box-kualitas-super-premium-briket-batok-kelapa-mudah-nyala-alamir-fire-thunder-lava-1730893455329429193?extParam=ivf%3Dfalse%26keyword%3Dbriket+kelapa%26src%3Dsearch",
    "search_query":"briket kelapa",
    "weight_kg":null,
    "price_per_kg":null,
    "0":"cube",
    "1":"lain",
    "2":"lokal"
  },
  {
    "_id":{
      "$oid":"684910517013c07662ad8ee2"
    },
    "timestamp_scrape":"2025-06-11T11:49:36.815607",
    "ecommerce":"Tokopedia",
    "product_name":"ONES BBQ 2.5 Kg | Briket Arang Batok Kelapa - Coconut Charcoal for BBQ PASTI ORI Promo Termurah",
    "price_raw":"Rp87.000",
    "price_clean":87000.0,
    "shop_name":"rendiana i",
    "sold_count_raw":"0 terjual",
    "sold_count_clean":0.0,
    "product_url":"https:\/\/www.tokopedia.com\/rendianai\/ones-bbq-2-5-kg-briket-arang-batok-kelapa-coconut-charcoal-for-bbq-pasti-ori-promo-termurah-1731489473092945844?extParam=ivf%3Dfalse%26keyword%3Dbriket+kelapa%26src%3Dsearch",
    "search_query":"briket kelapa",
    "weight_kg":2.5,
    "price_per_kg":34800.0,
    "0":"lain",
    "1":"lain",
    "2":"lokal"
  },
  {
    "_id":{
      "$oid":"684910517013c07662ad8ee3"
    },
    "timestamp_scrape":"2025-06-11T11:49:38.037430",
    "ecommerce":"Tokopedia",
    "product_name":"Briket Batok Kelapa Premium",
    "price_raw":"Rp8.800",
    "price_clean":8800.0,
    "shop_name":"Arsi Shop Banten",
    "sold_count_raw":"0 terjual",
    "sold_count_clean":0.0,
    "product_url":"https:\/\/www.tokopedia.com\/lakushopstore\/briket-batok-kelapa-premium?extParam=ivf%3Dfalse%26keyword%3Dbriket+kelapa%26src%3Dsearch",
    "search_query":"briket kelapa",
    "weight_kg":null,
    "price_per_kg":null,
    "0":"lain",
    "1":"lain",
    "2":"lokal"
  },
  {
    "_id":{
      "$oid":"684910517013c07662ad8ee4"
    },
    "timestamp_scrape":"2025-06-11T11:49:39.249894",
    "ecommerce":"Tokopedia",
    "product_name":"LARRRISZZMO!!! ARANG BRIKET BATOK KELAPA KWALITAS SUPER",
    "price_raw":"Rp14.000",
    "price_clean":14000.0,
    "shop_name":"turminibarokah955",
    "sold_count_raw":"0 terjual",
    "sold_count_clean":0.0,
    "product_url":"https:\/\/www.tokopedia.com\/turminibarokah9\/larrriszzmo-arang-briket-batok-kelapa-kwalitas-super?extParam=ivf%3Dfalse%26keyword%3Dbriket+kelapa%26src%3Dsearch",
    "search_query":"briket kelapa",
    "weight_kg":null,
    "price_per_kg":null,
    "0":"lain",
    "1":"lain",
    "2":"lokal"
  },
  {
    "_id":{
      "$oid":"684910517013c07662ad8ee7"
    },
    "timestamp_scrape":"2025-06-11T11:50:06.373813",
    "ecommerce":"Tokopedia",
    "product_name":"|EPIC| 1 Kg arang briket shisha barbeque areng batok kelapa kayu",
    "price_raw":"Rp18.000",
    "price_clean":18000.0,
    "shop_name":"RIZKIRAMADAN252",
    "sold_count_raw":"0 terjual",
    "sold_count_clean":0.0,
    "product_url":"https:\/\/www.tokopedia.com\/rizkiramadan252\/epic-1-kg-arang-briket-shisha-barbeque-areng-batok-kelapa-kayu?extParam=ivf%3Dfalse%26keyword%3Dbriket+kelapa%26src%3Dsearch",
    "search_query":"briket kelapa",
    "weight_kg":1.0,
    "price_per_kg":18000.0,
    "0":"lain",
    "1":"lain",
    "2":"lokal"
  },
  {
    "_id":{
      "$oid":"684910517013c07662ad8ee8"
    },
    "timestamp_scrape":"2025-06-11T11:50:07.623674",
    "ecommerce":"Tokopedia",
    "product_name":"BRIQUETTE 10Kg CHARCOAL KELAPA BRIKET x 5Cm BATOK ARANG 10Cm TERMURAH",
    "price_raw":"Rp116.000",
    "price_clean":116000.0,
    "shop_name":"KekeyiShop",
    "sold_count_raw":"0 terjual",
    "sold_count_clean":0.0,
    "product_url":"https:\/\/www.tokopedia.com\/kekeyishop\/briquette-10kg-charcoal-kelapa-briket-x-5cm-batok-arang-10cm-termurah?extParam=ivf%3Dfalse%26keyword%3Dbriket+kelapa%26src%3Dsearch",
    "search_query":"briket kelapa",
    "weight_kg":10.0,
    "price_per_kg":11600.0,
    "0":"lain",
    "1":"lain",
    "2":"lokal"
  },
  {
    "_id":{
      "$oid":"684910517013c07662ad8eea"
    },
    "timestamp_scrape":"2025-06-11T11:50:09.465250",
    "ecommerce":"Tokopedia",
    "product_name":"FRESH ARANG BRIKET BBQ PANGGANG SHISHA ARENG BATOK KELAPA CHARCOAL FRESH",
    "price_raw":"Rp84.000",
    "price_clean":84000.0,
    "shop_name":"yxhhhnn",
    "sold_count_raw":"0 terjual",
    "sold_count_clean":0.0,
    "product_url":"https:\/\/www.tokopedia.com\/yxhhhnn\/fresh-arang-briket-bbq-panggang-shisha-areng-batok-kelapa-charcoal-fresh?extParam=ivf%3Dfalse%26keyword%3Dbriket+kelapa%26src%3Dsearch",
    "search_query":"briket kelapa",
    "weight_kg":null,
    "price_per_kg":null,
    "0":"lain",
    "1":"lain",
    "2":"lokal"
  },
  {
    "_id":{
      "$oid":"684910517013c07662ad8eeb"
    },
    "timestamp_scrape":"2025-06-11T11:50:10.685664",
    "ecommerce":"Tokopedia",
    "product_name":"CY Optima Briket Arang Hexagonal Batok Kelapa 10 Kg Export Quality",
    "price_raw":"Rp188.000",
    "price_clean":188000.0,
    "shop_name":"Rizky Lancar77",
    "sold_count_raw":"0 terjual",
    "sold_count_clean":0.0,
    "product_url":"https:\/\/www.tokopedia.com\/rizky-lancar77\/cy-optima-briket-arang-hexagonal-batok-kelapa-10-kg-export-quality?extParam=ivf%3Dfalse%26keyword%3Dbriket+kelapa%26src%3Dsearch",
    "search_query":"briket kelapa",
    "weight_kg":10.0,
    "price_per_kg":18800.0,
    "0":"cube",
    "1":"lain",
    "2":"lokal"
  },
  {
    "_id":{
      "$oid":"684910517013c07662ad8eec"
    },
    "timestamp_scrape":"2025-06-11T11:50:11.906547",
    "ecommerce":"Tokopedia",
    "product_name":"U4X9 Arang Briket Batok Kelapa 1Kg Awet Tanpa Asap",
    "price_raw":"Rp28.000",
    "price_clean":28000.0,
    "shop_name":"Balds",
    "sold_count_raw":"0 terjual",
    "sold_count_clean":0.0,
    "product_url":"https:\/\/www.tokopedia.com\/balds\/u4x9-arang-briket-batok-kelapa-1kg-awet-tanpa-asap-1731129852606711701?extParam=ivf%3Dfalse%26keyword%3Dbriket+kelapa%26src%3Dsearch",
    "search_query":"briket kelapa",
    "weight_kg":1.0,
    "price_per_kg":28000.0,
    "0":"lain",
    "1":"lain",
    "2":"lokal"
  },
  {
    "_id":{
      "$oid":"684910517013c07662ad8eed"
    },
    "timestamp_scrape":"2025-06-11T11:50:13.145299",
    "ecommerce":"Tokopedia",
    "product_name":"DISC JOSS Briket arang batok kelapa ukuran 22 x 50 mm MURAH",
    "price_raw":"Rp84.300",
    "price_clean":84300.0,
    "shop_name":"devinaputri shoope",
    "sold_count_raw":"0 terjual",
    "sold_count_clean":0.0,
    "product_url":"https:\/\/www.tokopedia.com\/devinaputrish\/disc-joss-briket-arang-batok-kelapa-ukuran-22-x-50-mm-murah?extParam=ivf%3Dfalse%26keyword%3Dbriket+kelapa%26src%3Dsearch",
    "search_query":"briket kelapa",
    "weight_kg":null,
    "price_per_kg":null,
    "0":"lain",
    "1":"lain",
    "2":"lokal"
  },
  {
    "_id":{
      "$oid":"684910517013c07662ad8eee"
    },
    "timestamp_scrape":"2025-06-11T11:50:14.356998",
    "ecommerce":"Tokopedia",
    "product_name":"1Kg arang briket areng briquette charcoal hexagonal batok kayu kelapa",
    "price_raw":"Rp13.000",
    "price_clean":13000.0,
    "shop_name":"hanif han",
    "sold_count_raw":"0 terjual",
    "sold_count_clean":0.0,
    "product_url":"https:\/\/www.tokopedia.com\/hanifha-1\/1kg-arang-briket-areng-briquette-charcoal-hexagonal-batok-kayu-kelapa?extParam=ivf%3Dfalse%26keyword%3Dbriket+kelapa%26src%3Dsearch",
    "search_query":"briket kelapa",
    "weight_kg":1.0,
    "price_per_kg":13000.0,
    "0":"lain",
    "1":"lain",
    "2":"lokal"
  },
  {
    "_id":{
      "$oid":"684910517013c07662ad8eef"
    },
    "timestamp_scrape":"2025-06-11T11:50:15.590125",
    "ecommerce":"Tokopedia",
    "product_name":"Arang Briket Batok Kelapa \/ Arang Briket Hexagonal BBQ 1kg",
    "price_raw":"Rp22.150",
    "price_clean":22150.0,
    "shop_name":"BELETUK",
    "sold_count_raw":"0 terjual",
    "sold_count_clean":0.0,
    "product_url":"https:\/\/www.tokopedia.com\/beletuk\/arang-briket-batok-kelapa-arang-briket-hexagonal-bbq-1kg?extParam=ivf%3Dfalse%26keyword%3Dbriket+kelapa%26src%3Dsearch",
    "search_query":"briket kelapa",
    "weight_kg":1.0,
    "price_per_kg":22150.0,
    "0":"lain",
    "1":"lain",
    "2":"lokal"
  },
  {
    "_id":{
      "$oid":"684910517013c07662ad8ef0"
    },
    "timestamp_scrape":"2025-06-11T11:50:16.820272",
    "ecommerce":"Tokopedia",
    "product_name":"100pcs\/box Arang Megic Briket Batok Kelapa Mudah Nyala Alamir Untuk Barbekyu Di Luar Ruangan",
    "price_raw":"Rp150.000",
    "price_clean":150000.0,
    "shop_name":"sembako dia",
    "sold_count_raw":"0 terjual",
    "sold_count_clean":0.0,
    "product_url":"https:\/\/www.tokopedia.com\/dia4646\/100pcs-box-arang-megic-briket-batok-kelapa-mudah-nyala-alamir-untuk-barbekyu-di-luar-ruangan-1731396910355613245?extParam=ivf%3Dfalse%26keyword%3Dbriket+kelapa%26src%3Dsearch",
    "search_query":"briket kelapa",
    "weight_kg":null,
    "price_per_kg":null,
    "0":"lain",
    "1":"lain",
    "2":"lokal"
  },
  {
    "_id":{
      "$oid":"684910517013c07662ad8ef1"
    },
    "timestamp_scrape":"2025-06-11T11:50:17.413061",
    "ecommerce":"Tokopedia",
    "product_name":"Briket Arang Batok Kelapa 1\/2 kg",
    "price_raw":"Rp13.000",
    "price_clean":13000.0,
    "shop_name":"Valry",
    "sold_count_raw":"1 terjual",
    "sold_count_clean":1.0,
    "product_url":"https:\/\/www.tokopedia.com\/valry\/briket-arang-batok-kelapa-1-2-kg?extParam=ivf%3Dfalse%26keyword%3Dbriket+kelapa%26src%3Dsearch",
    "search_query":"briket kelapa",
    "weight_kg":2.0,
    "price_per_kg":6500.0,
    "0":"lain",
    "1":"lain",
    "2":"lokal"
  },
  {
    "_id":{
      "$oid":"684910517013c07662ad8ef2"
    },
    "timestamp_scrape":"2025-06-11T11:50:18.139301",
    "ecommerce":"Tokopedia",
    "product_name":"ANN Arang Briket Shisha Batok Kelapa Cube Super Premium 1KG Grade Ekspor A",
    "price_raw":"Rp23.000",
    "price_clean":23000.0,
    "shop_name":"andyy1",
    "sold_count_raw":"0 terjual",
    "sold_count_clean":0.0,
    "product_url":"https:\/\/www.tokopedia.com\/archive-andyy1-1724026763\/ann-arang-briket-shisha-batok-kelapa-cube-super-premium-1kg-grade-ekspor-a-2-5-cm-x-2-5-cm-79153?extParam=ivf%3Dfalse%26keyword%3Dbriket+kelapa%26src%3Dsearch",
    "search_query":"briket kelapa",
    "weight_kg":1.0,
    "price_per_kg":23000.0,
    "0":"lain",
    "1":"bbq",
    "2":"lokal"
  },
  {
    "_id":{
      "$oid":"684910517013c07662ad8ef5"
    },
    "timestamp_scrape":"2025-06-11T11:50:44.418448",
    "ecommerce":"Tokopedia",
    "product_name":"Ace Flame Briket Arang Batok Kelapa Charcoal Briquettes Coco Shell 3Kg",
    "price_raw":"Rp75.000",
    "price_clean":75000.0,
    "shop_name":"Sahabatkecil",
    "sold_count_raw":"1 terjual",
    "sold_count_clean":1.0,
    "product_url":"https:\/\/www.tokopedia.com\/sahabatkecil-1\/ace-flame-briket-arang-batok-kelapa-charcoal-briquettes-coco-shell-3kg?extParam=ivf%3Dfalse%26keyword%3Dbriket+kelapa%26src%3Dsearch",
    "search_query":"briket kelapa",
    "weight_kg":3.0,
    "price_per_kg":25000.0,
    "0":"lain",
    "1":"lain",
    "2":"lokal"
  },
  {
    "_id":{
      "$oid":"684910517013c07662ad8ef6"
    },
    "timestamp_scrape":"2025-06-11T11:50:45.637944",
    "ecommerce":"Tokopedia",
    "product_name":"5Kg arang briket bbq hexagonal 5cm x 5cm areng batok kelapa kayu",
    "price_raw":"Rp17.000",
    "price_clean":17000.0,
    "shop_name":"Dalijo`shop",
    "sold_count_raw":"0 terjual",
    "sold_count_clean":0.0,
    "product_url":"https:\/\/www.tokopedia.com\/dalijoshop\/5kg-arang-briket-bbq-hexagonal-5cm-x-5cm-areng-batok-kelapa-kayu?extParam=ivf%3Dfalse%26keyword%3Dbriket+kelapa%26src%3Dsearch",
    "search_query":"briket kelapa",
    "weight_kg":5.0,
    "price_per_kg":3400.0,
    "0":"lain",
    "1":"lain",
    "2":"lokal"
  },
  {
    "_id":{
      "$oid":"684910517013c07662ad8ef8"
    },
    "timestamp_scrape":"2025-06-11T11:50:47.446439",
    "ecommerce":"Tokopedia",
    "product_name":"ANN Briket Arang BBQ 5kg Asli 100% Batok Kelapa Sulawesi Berkwalitas Super",
    "price_raw":"Rp98.000",
    "price_clean":98000.0,
    "shop_name":"andyy1",
    "sold_count_raw":"0 terjual",
    "sold_count_clean":0.0,
    "product_url":"https:\/\/www.tokopedia.com\/archive-andyy1-1724026763\/ann-briket-arang-bbq-5kg-asli-100-batok-kelapa-sulawesi-berkwalitas-super?extParam=ivf%3Dfalse%26keyword%3Dbriket+kelapa%26src%3Dsearch",
    "search_query":"briket kelapa",
    "weight_kg":5.0,
    "price_per_kg":19600.0,
    "0":"lain",
    "1":"lain",
    "2":"export"
  },
  {
    "_id":{
      "$oid":"684910517013c07662ad8ef9"
    },
    "timestamp_scrape":"2025-06-11T11:50:48.039292",
    "ecommerce":"Tokopedia",
    "product_name":"Arang Briket Cube Kubus Kotak Batok Kelapa BBQ Sisha Shisa Ratus 1,5kg",
    "price_raw":"Rp21.000",
    "price_clean":21000.0,
    "shop_name":"Hobi Shop",
    "sold_count_raw":"6 terjual",
    "sold_count_clean":6.0,
    "product_url":"https:\/\/www.tokopedia.com\/magicians\/arang-briket-cube-kubus-kotak-batok-kelapa-bbq-sisha-shisa-ratus-1-5kg?extParam=ivf%3Dfalse%26keyword%3Dbriket+kelapa%26src%3Dsearch",
    "search_query":"briket kelapa",
    "weight_kg":1.5,
    "price_per_kg":14000.0,
    "0":"lain",
    "1":"lain",
    "2":"lokal"
  },
  {
    "_id":{
      "$oid":"684910517013c07662ad8efa"
    },
    "timestamp_scrape":"2025-06-11T11:50:49.263998",
    "ecommerce":"Tokopedia",
    "product_name":"Arang Briket Batok Kelapa Coconut Briquette Premium Charcoal 2,5kg",
    "price_raw":"Rp25.800",
    "price_clean":25800.0,
    "shop_name":"AFIK by Angz",
    "sold_count_raw":"0 terjual",
    "sold_count_clean":0.0,
    "product_url":"https:\/\/www.tokopedia.com\/afikangz\/arang-briket-batok-kelapa-coconut-briquette-premium-charcoal-2-5kg?extParam=ivf%3Dfalse%26keyword%3Dbriket+kelapa%26src%3Dsearch",
    "search_query":"briket kelapa",
    "weight_kg":2.5,
    "price_per_kg":10320.0,
    "0":"cube",
    "1":"lain",
    "2":"lokal"
  },
  {
    "_id":{
      "$oid":"684910517013c07662ad8efb"
    },
    "timestamp_scrape":"2025-06-11T11:50:50.487096",
    "ecommerce":"Tokopedia",
    "product_name":"Mur4h1 Arang Kelapa Briket Coco Charcoal Barbeque",
    "price_raw":"Rp15.000",
    "price_clean":15000.0,
    "shop_name":"dityaaaoficial",
    "sold_count_raw":"0 terjual",
    "sold_count_clean":0.0,
    "product_url":"https:\/\/www.tokopedia.com\/dityaaaoficial\/mur4h1-arang-kelapa-briket-coco-charcoal-barbeque?extParam=ivf%3Dfalse%26keyword%3Dbriket+kelapa%26src%3Dsearch",
    "search_query":"briket kelapa",
    "weight_kg":null,
    "price_per_kg":null,
    "0":"lain",
    "1":"lain",
    "2":"lokal"
  },
  {
    "_id":{
      "$oid":"684910517013c07662ad8efc"
    },
    "timestamp_scrape":"2025-06-11T11:50:51.087697",
    "ecommerce":"Tokopedia",
    "product_name":"1Kg arang areng briket kotak kubus bbq batok kelapa kayu(WAJIB BACA",
    "price_raw":"Rp21.000",
    "price_clean":21000.0,
    "shop_name":"Dalijo`shop",
    "sold_count_raw":"2 terjual",
    "sold_count_clean":2.0,
    "product_url":"https:\/\/www.tokopedia.com\/dalijoshop\/1kg-arang-areng-briket-kotak-kubus-bbq-batok-kelapa-kayu-wajib-baca?extParam=ivf%3Dfalse%26keyword%3Dbriket+kelapa%26src%3Dsearch",
    "search_query":"briket kelapa",
    "weight_kg":1.0,
    "price_per_kg":21000.0,
    "0":"lain",
    "1":"lain",
    "2":"export"
  },
  {
    "_id":{
      "$oid":"684910517013c07662ad8efd"
    },
    "timestamp_scrape":"2025-06-11T11:50:52.334112",
    "ecommerce":"Tokopedia",
    "product_name":"Arang Briket Cube Bbq Sisha Kubus Kotak Batok Kelapa",
    "price_raw":"Rp8.000",
    "price_clean":8000.0,
    "shop_name":"Susivilkea",
    "sold_count_raw":"0 terjual",
    "sold_count_clean":0.0,
    "product_url":"https:\/\/www.tokopedia.com\/susivilkea\/arang-briket-cube-bbq-sisha-kubus-kotak-batok-kelapa?extParam=ivf%3Dfalse%26keyword%3Dbriket+kelapa%26src%3Dsearch",
    "search_query":"briket kelapa",
    "weight_kg":null,
    "price_per_kg":null,
    "0":"hexagonal",
    "1":"bbq",
    "2":"lokal"
  },
  {
    "_id":{
      "$oid":"684910517013c07662ad8efe"
    },
    "timestamp_scrape":"2025-06-11T11:50:52.928141",
    "ecommerce":"Tokopedia",
    "product_name":"Bintang Carbonella Arang Briket Hexagonal Batok Kelapa 1 Kg BBQ Quality",
    "price_raw":"Rp14.000",
    "price_clean":14000.0,
    "shop_name":"Bintang Carbonella Official",
    "sold_count_raw":"70+ terjual",
    "sold_count_clean":70.0,
    "product_url":"https:\/\/www.tokopedia.com\/bintangcarbonella\/bintang-carbonella-arang-briket-hexagonal-batok-kelapa-1-kg-bbq-quality?extParam=ivf%3Dfalse%26keyword%3Dbriket+kelapa%26src%3Dsearch",
    "search_query":"briket kelapa",
    "weight_kg":1.0,
    "price_per_kg":14000.0,
    "0":"lain",
    "1":"bbq",
    "2":"lokal"
  },
  {
    "_id":{
      "$oid":"684910517013c07662ad8eff"
    },
    "timestamp_scrape":"2025-06-11T11:50:54.151443",
    "ecommerce":"Tokopedia",
    "product_name":"(HE7) Arang \/ Briket \/ Charcoal Batok Kelapa BBQ Finger Export Quality 1KG",
    "price_raw":"Rp9.000",
    "price_clean":9000.0,
    "shop_name":"Gaya Dapur1",
    "sold_count_raw":"0 terjual",
    "sold_count_clean":0.0,
    "product_url":"https:\/\/www.tokopedia.com\/gdapur1\/he7-arang-briket-charcoal-batok-kelapa-bbq-finger-export-quality-1kg?extParam=ivf%3Dfalse%26keyword%3Dbriket+kelapa%26src%3Dsearch",
    "search_query":"briket kelapa",
    "weight_kg":1.0,
    "price_per_kg":9000.0,
    "0":"lain",
    "1":"lain",
    "2":"lokal"
  },
  {
    "_id":{
      "$oid":"684910517013c07662ad8f00"
    },
    "timestamp_scrape":"2025-06-11T11:50:54.875921",
    "ecommerce":"Tokopedia",
    "product_name":"Arang Briket Kubus Kotak Cube Areng Batok Kelapa BBQ barbekyu , Bakar-Bakar, Sate & shisa",
    "price_raw":"Rp6.000",
    "price_clean":6000.0,
    "shop_name":"Apa aja jualin",
    "sold_count_raw":"0 terjual",
    "sold_count_clean":0.0,
    "product_url":"https:\/\/www.tokopedia.com\/apa-aja-jualin\/arang-briket-kubus-kotak-cube-areng-batok-kelapa-bbq-barbekyu-bakar-bakar-sate-shisa-1730813981828810336?extParam=ivf%3Dfalse%26keyword%3Dbriket+kelapa%26src%3Dsearch",
    "search_query":"briket kelapa",
    "weight_kg":null,
    "price_per_kg":null,
    "0":"lain",
    "1":"lain",
    "2":"export"
  },
  {
    "_id":{
      "$oid":"684910517013c07662ad8f03"
    },
    "timestamp_scrape":"2025-06-11T11:51:22.114028",
    "ecommerce":"Tokopedia",
    "product_name":"ðð- Arang Briket Brongkol Bulat Batubara Batok Kelapa BBQ Barbekyu Sisha P",
    "price_raw":"Rp45.700",
    "price_clean":45700.0,
    "shop_name":"KasaH shop",
    "sold_count_raw":"0 terjual",
    "sold_count_clean":0.0,
    "product_url":"https:\/\/www.tokopedia.com\/kasarimped718\/arang-briket-brongkol-bulat-batubara-batok-kelapa-bbq-barbekyu-sisha-p-1730763247336326534?extParam=ivf%3Dfalse%26keyword%3Dbriket+kelapa%26src%3Dsearch",
    "search_query":"briket kelapa",
    "weight_kg":null,
    "price_per_kg":null,
    "0":"lain",
    "1":"shisha",
    "2":"lokal"
  },
  {
    "_id":{
      "$oid":"684910517013c07662ad8f04"
    },
    "timestamp_scrape":"2025-06-11T11:51:22.704942",
    "ecommerce":"Tokopedia",
    "product_name":"Yuhh HI-COOK Arang BBQ Finger Hexagonal - Briket Arang Batok Kelapa Briket",
    "price_raw":"Rp87.000",
    "price_clean":87000.0,
    "shop_name":"eemhujaeman27",
    "sold_count_raw":"1 terjual",
    "sold_count_clean":1.0,
    "product_url":"https:\/\/www.tokopedia.com\/eemhujaeman\/yuhh-hi-cook-arang-bbq-finger-hexagonal-briket-arang-batok-kelapa-briket?extParam=ivf%3Dfalse%26keyword%3Dbriket+kelapa%26src%3Dsearch",
    "search_query":"briket kelapa",
    "weight_kg":null,
    "price_per_kg":null,
    "0":"lain",
    "1":"lain",
    "2":"lokal"
  },
  {
    "_id":{
      "$oid":"684910517013c07662ad8f06"
    },
    "timestamp_scrape":"2025-06-11T11:51:25.237297",
    "ecommerce":"Tokopedia",
    "product_name":"SN07 BRIKET ARANG BATOK KELAPA BBQ 1KG ISI 65BUTIR",
    "price_raw":"Rp14.000",
    "price_clean":14000.0,
    "shop_name":"RAHMANISA27",
    "sold_count_raw":"0 terjual",
    "sold_count_clean":0.0,
    "product_url":"https:\/\/www.tokopedia.com\/rahmanisa27\/sn07-briket-arang-batok-kelapa-bbq-1kg-isi-65butir?extParam=ivf%3Dfalse%26keyword%3Dbriket+kelapa%26src%3Dsearch",
    "search_query":"briket kelapa",
    "weight_kg":1.0,
    "price_per_kg":14000.0,
    "0":"lain",
    "1":"lain",
    "2":"lokal"
  },
  {
    "_id":{
      "$oid":"684910517013c07662ad8f07"
    },
    "timestamp_scrape":"2025-06-11T11:51:25.827142",
    "ecommerce":"Tokopedia",
    "product_name":"Yuhh Briket Arang Batok Kelapa Cube Isi 1KG",
    "price_raw":"Rp98.000",
    "price_clean":98000.0,
    "shop_name":"eemhujaeman27",
    "sold_count_raw":"2 terjual",
    "sold_count_clean":2.0,
    "product_url":"https:\/\/www.tokopedia.com\/eemhujaeman\/yuhh-briket-arang-batok-kelapa-cube-isi-1kg?extParam=ivf%3Dfalse%26keyword%3Dbriket+kelapa%26src%3Dsearch",
    "search_query":"briket kelapa",
    "weight_kg":1.0,
    "price_per_kg":98000.0,
    "0":"lain",
    "1":"lain",
    "2":"lokal"
  },
  {
    "_id":{
      "$oid":"684910517013c07662ad8f08"
    },
    "timestamp_scrape":"2025-06-11T11:51:26.416306",
    "ecommerce":"Tokopedia",
    "product_name":"Berkualitas1- membuat api untuk menyalakan kayu bakar dan arang batok kelapa\/briket",
    "price_raw":"Rp37.000",
    "price_clean":37000.0,
    "shop_name":"mariio stoore",
    "sold_count_raw":"1 terjual",
    "sold_count_clean":1.0,
    "product_url":"https:\/\/www.tokopedia.com\/mariiostoore\/berkualitas1-membuat-api-untuk-menyalakan-kayu-bakar-dan-arang-batok-kelapa-briket?extParam=ivf%3Dfalse%26keyword%3Dbriket+kelapa%26src%3Dsearch",
    "search_query":"briket kelapa",
    "weight_kg":null,
    "price_per_kg":null,
    "0":"lain",
    "1":"shisha",
    "2":"lokal"
  },
  {
    "_id":{
      "$oid":"684910517013c07662ad8f09"
    },
    "timestamp_scrape":"2025-06-11T11:51:27.007857",
    "ecommerce":"Tokopedia",
    "product_name":"(500 gr) GLOSSA Arang Briket 100% Arang Batok Kelapa Kualitas Ekspor",
    "price_raw":"Rp8.000",
    "price_clean":8000.0,
    "shop_name":"glossaofficial",
    "sold_count_raw":"1 terjual",
    "sold_count_clean":1.0,
    "product_url":"https:\/\/www.tokopedia.com\/glossaofficial\/500-gr-glossa-arang-briket-100-arang-batok-kelapa-kualitas-ekspor?extParam=ivf%3Dfalse%26keyword%3Dbriket+kelapa%26src%3Dsearch",
    "search_query":"briket kelapa",
    "weight_kg":0.5,
    "price_per_kg":16000.0,
    "0":"lain",
    "1":"shisha",
    "2":"lokal"
  },
  {
    "_id":{
      "$oid":"684910517013c07662ad8f0a"
    },
    "timestamp_scrape":"2025-06-11T11:51:27.597448",
    "ecommerce":"Tokopedia",
    "product_name":"TI531 ARANG BRIKET BATOK KELAPA CUBE KOTAK KUBUS BBQ\/SHISA\/BARBEQUE",
    "price_raw":"Rp44.000",
    "price_clean":44000.0,
    "shop_name":"jiwels store",
    "sold_count_raw":"3 terjual",
    "sold_count_clean":3.0,
    "product_url":"https:\/\/www.tokopedia.com\/jiwels\/ti531-arang-briket-batok-kelapa-cube-kotak-kubus-bbq-shisa-barbeque-cube-kubus-500gram?extParam=ivf%3Dfalse%26keyword%3Dbriket+kelapa%26src%3Dsearch",
    "search_query":"briket kelapa",
    "weight_kg":null,
    "price_per_kg":null,
    "0":"lain",
    "1":"lain",
    "2":"lokal"
  },
  {
    "_id":{
      "$oid":"684910517013c07662ad8f0b"
    },
    "timestamp_scrape":"2025-06-11T11:51:28.202228",
    "ecommerce":"Tokopedia",
    "product_name":"Arang Briket Cube Kubus Kotak Batok Kelapa BBQ Sisha Shisa Ratus",
    "price_raw":"Rp4.999",
    "price_clean":4999.0,
    "shop_name":"Hobi Shop",
    "sold_count_raw":"1 terjual",
    "sold_count_clean":1.0,
    "product_url":"https:\/\/www.tokopedia.com\/magicians\/arang-briket-cube-kubus-kotak-batok-kelapa-bbq-sisha-shisa-ratus?extParam=ivf%3Dfalse%26keyword%3Dbriket+kelapa%26src%3Dsearch",
    "search_query":"briket kelapa",
    "weight_kg":null,
    "price_per_kg":null,
    "0":"lain",
    "1":"lain",
    "2":"lokal"
  },
  {
    "_id":{
      "$oid":"684910517013c07662ad8f0c"
    },
    "timestamp_scrape":"2025-06-11T11:51:28.794083",
    "ecommerce":"Tokopedia",
    "product_name":"Arang briket batok kelapa 1kg",
    "price_raw":"Rp11.000",
    "price_clean":11000.0,
    "shop_name":"J3shopp",
    "sold_count_raw":"2 terjual",
    "sold_count_clean":2.0,
    "product_url":"https:\/\/www.tokopedia.com\/j3shopp\/arang-briket-batok-kelapa-1kg?extParam=ivf%3Dfalse%26keyword%3Dbriket+kelapa%26src%3Dsearch",
    "search_query":"briket kelapa",
    "weight_kg":1.0,
    "price_per_kg":11000.0,
    "0":"lain",
    "1":"bbq",
    "2":"lokal"
  },
  {
    "_id":{
      "$oid":"684910517013c07662ad8f0d"
    },
    "timestamp_scrape":"2025-06-11T11:51:29.385282",
    "ecommerce":"Tokopedia",
    "product_name":"[ Js ] Arang \/ Areng Batok Kelapa - Briket Terbaru",
    "price_raw":"Rp8.000",
    "price_clean":8000.0,
    "shop_name":"Babe Hoki",
    "sold_count_raw":"100+ terjual",
    "sold_count_clean":100.0,
    "product_url":"https:\/\/www.tokopedia.com\/babe-hoki\/js-arang-areng-batok-kelapa-briket-terbaru-1731225085882173072?extParam=ivf%3Dfalse%26keyword%3Dbriket+kelapa%26src%3Dsearch",
    "search_query":"briket kelapa",
    "weight_kg":null,
    "price_per_kg":null,
    "0":"cube",
    "1":"lain",
    "2":"lokal"
  },
  {
    "_id":{
      "$oid":"684910517013c07662ad8f0e"
    },
    "timestamp_scrape":"2025-06-11T11:51:30.114004",
    "ecommerce":"Tokopedia",
    "product_name":"arang batok kelapa briket",
    "price_raw":"Rp22.000",
    "price_clean":22000.0,
    "shop_name":"Zananshop",
    "sold_count_raw":"0 terjual",
    "sold_count_clean":0.0,
    "product_url":"https:\/\/www.tokopedia.com\/zananshop-455\/arang-batok-kelapa-briket-1731158202493928669?extParam=ivf%3Dfalse%26keyword%3Dbriket+kelapa%26src%3Dsearch",
    "search_query":"briket kelapa",
    "weight_kg":null,
    "price_per_kg":null,
    "0":"lain",
    "1":"shisha",
    "2":"export"
  },
  {
    "_id":{
      "$oid":"684910517013c07662ad8f11"
    },
    "timestamp_scrape":"2025-06-11T11:52:04.273940",
    "ecommerce":"Tokopedia",
    "product_name":"Briket Arang Cube Batok Kelapa Tahan Lama & Tidak Berasap 1kg",
    "price_raw":"Rp30.000",
    "price_clean":30000.0,
    "shop_name":"BriketQu",
    "sold_count_raw":"3 terjual",
    "sold_count_clean":3.0,
    "product_url":"https:\/\/www.tokopedia.com\/briketqu\/briket-arang-cube-batok-kelapa-tahan-lama-tidak-berasap-1kg-1730922690365523005?extParam=ivf%3Dfalse%26keyword%3Dbriket+kelapa%26src%3Dsearch",
    "search_query":"briket kelapa",
    "weight_kg":1.0,
    "price_per_kg":30000.0,
    "0":"lain",
    "1":"lain",
    "2":"lokal"
  },
  {
    "_id":{
      "$oid":"684910517013c07662ad8f12"
    },
    "timestamp_scrape":"2025-06-11T11:52:04.865146",
    "ecommerce":"Tokopedia",
    "product_name":"Briket Arang Batok Kelapa Charcoal",
    "price_raw":"Rp20.000",
    "price_clean":20000.0,
    "shop_name":"Onesmedia Design Adv.",
    "sold_count_raw":"1 terjual",
    "sold_count_clean":1.0,
    "product_url":"https:\/\/www.tokopedia.com\/onesmedia\/briket-arang-batok-kelapa-charcoal?extParam=ivf%3Dfalse%26keyword%3Dbriket+kelapa%26src%3Dsearch",
    "search_query":"briket kelapa",
    "weight_kg":null,
    "price_per_kg":null,
    "0":"lain",
    "1":"lain",
    "2":"lokal"
  },
  {
    "_id":{
      "$oid":"684910517013c07662ad8f13"
    },
    "timestamp_scrape":"2025-06-11T11:52:06.090845",
    "ecommerce":"Tokopedia",
    "product_name":"arang batok kelapa \/ Bahan baku briket",
    "price_raw":"Rp9.800",
    "price_clean":9800.0,
    "shop_name":"nizam gadget",
    "sold_count_raw":"0 terjual",
    "sold_count_clean":0.0,
    "product_url":"https:\/\/www.tokopedia.com\/nizamgadget\/arang-batok-kelapa-bahan-baku-briket?extParam=ivf%3Dfalse%26keyword%3Dbriket+kelapa%26src%3Dsearch",
    "search_query":"briket kelapa",
    "weight_kg":null,
    "price_per_kg":null,
    "0":"hexagonal",
    "1":"lain",
    "2":"lokal"
  },
  {
    "_id":{
      "$oid":"684910517013c07662ad8f14"
    },
    "timestamp_scrape":"2025-06-11T11:52:06.686616",
    "ecommerce":"Tokopedia",
    "product_name":"CusKirim- Briket Arang Kelapa & Sawit untuk Horeka, Bakso, Cilok, Pabrik Tahu",
    "price_raw":"Rp88.000",
    "price_clean":88000.0,
    "shop_name":"herlinaaaaaa",
    "sold_count_raw":"3 terjual",
    "sold_count_clean":3.0,
    "product_url":"https:\/\/www.tokopedia.com\/herlinaaaaaa\/cuskirim-briket-arang-kelapa-sawit-untuk-horeka-bakso-cilok-pabrik-tahu-1730960439063381207?extParam=ivf%3Dfalse%26keyword%3Dbriket+kelapa%26src%3Dsearch",
    "search_query":"briket kelapa",
    "weight_kg":null,
    "price_per_kg":null,
    "0":"lain",
    "1":"bbq",
    "2":"lokal"
  },
  {
    "_id":{
      "$oid":"684910517013c07662ad8f15"
    },
    "timestamp_scrape":"2025-06-11T11:52:07.273625",
    "ecommerce":"Tokopedia",
    "product_name":"Mm'' Arang Briket Batok Kelapa Tempurung Kelapa 1Kg",
    "price_raw":"Rp63.500",
    "price_clean":63500.0,
    "shop_name":"Lena toko12",
    "sold_count_raw":"1 terjual",
    "sold_count_clean":1.0,
    "product_url":"https:\/\/www.tokopedia.com\/lenatoko12\/mm-arang-briket-batok-kelapa-tempurung-kelapa-1kg-1731173239056598861?extParam=ivf%3Dfalse%26keyword%3Dbriket+kelapa%26src%3Dsearch",
    "search_query":"briket kelapa",
    "weight_kg":1.0,
    "price_per_kg":63500.0,
    "0":"hexagonal",
    "1":"bbq",
    "2":"lokal"
  },
  {
    "_id":{
      "$oid":"684910517013c07662ad8f16"
    },
    "timestamp_scrape":"2025-06-11T11:52:08.523503",
    "ecommerce":"Tokopedia",
    "product_name":"Briket Arang Kelapa Sawit untuk Restoran, Penghangat Ayam, Pabrik Tahu",
    "price_raw":"Rp19.700",
    "price_clean":19700.0,
    "shop_name":"STOREE ARTOMORO",
    "sold_count_raw":"0 terjual",
    "sold_count_clean":0.0,
    "product_url":"https:\/\/www.tokopedia.com\/kjwbavdhwiwksdb\/briket-arang-kelapa-sawit-untuk-restoran-penghangat-ayam-pabrik-tahu-1730900197236508015?extParam=ivf%3Dfalse%26keyword%3Dbriket+kelapa%26src%3Dsearch",
    "search_query":"briket kelapa",
    "weight_kg":null,
    "price_per_kg":null,
    "0":"lain",
    "1":"lain",
    "2":"lokal"
  },
  {
    "_id":{
      "$oid":"684910517013c07662ad8f17"
    },
    "timestamp_scrape":"2025-06-11T11:52:09.111165",
    "ecommerce":"Tokopedia",
    "product_name":"Tepung Sxpro Pemutih Dan Penetral Abu Arang Briket Batok Kelapa Terlaris|Best Seller",
    "price_raw":"Rp352.000",
    "price_clean":352000.0,
    "shop_name":"Reslter",
    "sold_count_raw":"1 terjual",
    "sold_count_clean":1.0,
    "product_url":"https:\/\/www.tokopedia.com\/reslter\/tepung-sxpro-pemutih-dan-penetral-abu-arang-briket-batok-kelapa-terlaris-best-seller-1731015789479036716?extParam=ivf%3Dfalse%26keyword%3Dbriket+kelapa%26src%3Dsearch",
    "search_query":"briket kelapa",
    "weight_kg":null,
    "price_per_kg":null,
    "0":"hexagonal",
    "1":"bbq",
    "2":"lokal"
  },
  {
    "_id":{
      "$oid":"684910517013c07662ad8f18"
    },
    "timestamp_scrape":"2025-06-11T11:52:09.704339",
    "ecommerce":"Tokopedia",
    "product_name":"Briket Arang Batok Kelapa Charcoal Expert Khusus Bakaran Ikan dan Daging",
    "price_raw":"Rp90.000",
    "price_clean":90000.0,
    "shop_name":"Waroeng Iswara",
    "sold_count_raw":"1 terjual",
    "sold_count_clean":1.0,
    "product_url":"https:\/\/www.tokopedia.com\/alldaymall\/briket-arang-batok-kelapa-charcoal-expert-khusus-bakaran-ikan-dan-daging?extParam=ivf%3Dfalse%26keyword%3Dbriket+kelapa%26src%3Dsearch",
    "search_query":"briket kelapa",
    "weight_kg":null,
    "price_per_kg":null,
    "0":"lain",
    "1":"bbq",
    "2":"lokal"
  },
  {
    "_id":{
      "$oid":"684910517013c07662ad8f19"
    },
    "timestamp_scrape":"2025-06-11T11:52:11.022704",
    "ecommerce":"Tokopedia",
    "product_name":"Ay0! Ace Flame Arang Batok Kelapa \/Areng Briket Barbeque Kualitas",
    "price_raw":"Rp80.000",
    "price_clean":80000.0,
    "shop_name":"DepiFatmawati",
    "sold_count_raw":"0 terjual",
    "sold_count_clean":0.0,
    "product_url":"https:\/\/www.tokopedia.com\/depifatmawati\/ay0-ace-flame-arang-batok-kelapa-areng-briket-barbeque-kualitas?extParam=ivf%3Dfalse%26keyword%3Dbriket+kelapa%26src%3Dsearch",
    "search_query":"briket kelapa",
    "weight_kg":null,
    "price_per_kg":null,
    "0":"lain",
    "1":"shisha",
    "2":"lokal"
  },
  {
    "_id":{
      "$oid":"684910517013c07662ad8f1a"
    },
    "timestamp_scrape":"2025-06-11T11:52:12.319108",
    "ecommerce":"Tokopedia",
    "product_name":"100pcs\/box Arang Megic Briket Batok Kelapa Mudah Nyala Alamir Untuk Barbekyu Di Luar Ruangan",
    "price_raw":"Rp152.000",
    "price_clean":152000.0,
    "shop_name":"iah jurig6",
    "sold_count_raw":"0 terjual",
    "sold_count_clean":0.0,
    "product_url":"https:\/\/www.tokopedia.com\/iahjurig6\/100pcs-box-arang-megic-briket-batok-kelapa-mudah-nyala-alamir-untuk-barbekyu-di-luar-ruangan-1731552407419913867?extParam=ivf%3Dfalse%26keyword%3Dbriket+kelapa%26src%3Dsearch",
    "search_query":"briket kelapa",
    "weight_kg":null,
    "price_per_kg":null,
    "0":"cube",
    "1":"bbq",
    "2":"lokal"
  },
  {
    "_id":{
      "$oid":"684910517013c07662ad8f1b"
    },
    "timestamp_scrape":"2025-06-11T11:52:12.911486",
    "ecommerce":"Tokopedia",
    "product_name":"Arang Briket Batok Kelapa Cube Kotak Tanpa Asap - 1 Kg | Brik-It",
    "price_raw":"Rp46.000",
    "price_clean":46000.0,
    "shop_name":"Brik It",
    "sold_count_raw":"1 terjual",
    "sold_count_clean":1.0,
    "product_url":"https:\/\/www.tokopedia.com\/brik-it\/arang-briket-batok-kelapa-cube-kotak-tanpa-asap-1-kg-brik-it-1729750902034236597?extParam=ivf%3Dfalse%26keyword%3Dbriket+kelapa%26src%3Dsearch",
    "search_query":"briket kelapa",
    "weight_kg":1.0,
    "price_per_kg":46000.0,
    "0":"lain",
    "1":"lain",
    "2":"lokal"
  },
  {
    "_id":{
      "$oid":"684910517013c07662ad8f1e"
    },
    "timestamp_scrape":"2025-06-11T11:52:40.358079",
    "ecommerce":"Tokopedia",
    "product_name":"BRIKET ARANG 2kg TEMPURUNG KELAPA BENTUK DAUN Bisa cod",
    "price_raw":"Rp13.000",
    "price_clean":13000.0,
    "shop_name":"ASSYFA SHOP02_NEW",
    "sold_count_raw":"1 terjual",
    "sold_count_clean":1.0,
    "product_url":"https:\/\/www.tokopedia.com\/assyfa-shop02\/briket-arang-2kg-tempurung-kelapa-bentuk-daun-bisa-cod-1731332316400551803?extParam=ivf%3Dfalse%26keyword%3Dbriket+kelapa%26src%3Dsearch",
    "search_query":"briket kelapa",
    "weight_kg":2.0,
    "price_per_kg":6500.0,
    "0":"lain",
    "1":"lain",
    "2":"export"
  },
  {
    "_id":{
      "$oid":"684910517013c07662ad8f1f"
    },
    "timestamp_scrape":"2025-06-11T11:52:41.654173",
    "ecommerce":"Tokopedia",
    "product_name":"Serbuk Arang Murni Batok Kelapa, Bio Charcoal Untuk Briket Termurah! Kemasan Karung",
    "price_raw":"Rp30.000",
    "price_clean":30000.0,
    "shop_name":"ATP CHARCOAL",
    "sold_count_raw":"0 terjual",
    "sold_count_clean":0.0,
    "product_url":"https:\/\/www.tokopedia.com\/atp-charcoal\/serbuk-arang-murni-batok-kelapa-bio-charcoal-untuk-briket-termurah-kemasan-karung-1731598216488388538?extParam=ivf%3Dfalse%26keyword%3Dbriket+kelapa%26src%3Dsearch",
    "search_query":"briket kelapa",
    "weight_kg":null,
    "price_per_kg":null,
    "0":"lain",
    "1":"lain",
    "2":"lokal"
  },
  {
    "_id":{
      "$oid":"684910517013c07662ad8f21"
    },
    "timestamp_scrape":"2025-06-11T11:52:42.845060",
    "ecommerce":"Tokopedia",
    "product_name":"briket areng batok kelapa 500 gram",
    "price_raw":"Rp4.000",
    "price_clean":4000.0,
    "shop_name":"Mulia bakoh briket arang",
    "sold_count_raw":"2 terjual",
    "sold_count_clean":2.0,
    "product_url":"https:\/\/www.tokopedia.com\/mulia-bakoh-briket-arang\/briket-areng-batok-kelapa-500-gram-1729870912375327475?extParam=ivf%3Dfalse%26keyword%3Dbriket+kelapa%26src%3Dsearch",
    "search_query":"briket kelapa",
    "weight_kg":0.5,
    "price_per_kg":8000.0,
    "0":"lain",
    "1":"shisha",
    "2":"lokal"
  },
  {
    "_id":{
      "$oid":"684910517013c07662ad8f22"
    },
    "timestamp_scrape":"2025-06-11T11:52:43.436902",
    "ecommerce":"Tokopedia",
    "product_name":"Arang Briket 100% Batok Kelapa. Panasnya merata dan tidak berasap. Tahan sampai -+ 2 Jam.",
    "price_raw":"Rp20.000",
    "price_clean":20000.0,
    "shop_name":"Jaya Briket Nusantara",
    "sold_count_raw":"1 terjual",
    "sold_count_clean":1.0,
    "product_url":"https:\/\/www.tokopedia.com\/jaya-briket-nusantara\/arang-briket-100-batok-kelapa-panasnya-merata-dan-tidak-berasap-tahan-sampai-2-jam-1730891807480055195?extParam=ivf%3Dfalse%26keyword%3Dbriket+kelapa%26src%3Dsearch",
    "search_query":"briket kelapa",
    "weight_kg":null,
    "price_per_kg":null,
    "0":"hexagonal",
    "1":"lain",
    "2":"lokal"
  },
  {
    "_id":{
      "$oid":"684910517013c07662ad8f23"
    },
    "timestamp_scrape":"2025-06-11T11:52:44.757160",
    "ecommerce":"Tokopedia",
    "product_name":"Moobriket | Briket Arang Batok Kelapa Kemasan Ekonomis",
    "price_raw":"Rp10.000",
    "price_clean":10000.0,
    "shop_name":"ZAGN Shop_NEW",
    "sold_count_raw":"0 terjual",
    "sold_count_clean":0.0,
    "product_url":"https:\/\/www.tokopedia.com\/zagn-shop\/moobriket-briket-arang-batok-kelapa-kemasan-ekonomis-1731581361520346310?extParam=ivf%3Dfalse%26keyword%3Dbriket+kelapa%26src%3Dsearch",
    "search_query":"briket kelapa",
    "weight_kg":null,
    "price_per_kg":null,
    "0":"lain",
    "1":"bbq",
    "2":"lokal"
  },
  {
    "_id":{
      "$oid":"684910517013c07662ad8f24"
    },
    "timestamp_scrape":"2025-06-11T11:52:46.055740",
    "ecommerce":"Tokopedia",
    "product_name":"Briket Arang Batok Kelapa 1kg - Bahan Bakar Alternatif untuk Memasak - Kitchenware Alat",
    "price_raw":"Rp28.000",
    "price_clean":28000.0,
    "shop_name":"DuniaHerbal19",
    "sold_count_raw":"0 terjual",
    "sold_count_clean":0.0,
    "product_url":"https:\/\/www.tokopedia.com\/duniaherbal19\/briket-arang-batok-kelapa-1kg-bahan-bakar-alternatif-untuk-memasak-kitchenware-alat-1730578872848189365?extParam=ivf%3Dfalse%26keyword%3Dbriket+kelapa%26src%3Dsearch",
    "search_query":"briket kelapa",
    "weight_kg":1.0,
    "price_per_kg":28000.0,
    "0":"lain",
    "1":"lain",
    "2":"lokal"
  },
  {
    "_id":{
      "$oid":"684910517013c07662ad8f25"
    },
    "timestamp_scrape":"2025-06-11T11:52:46.648123",
    "ecommerce":"Tokopedia",
    "product_name":"Arang Briket Batok Kelapa - Briket Arang Bbq Tidak Berasap - 1 Kg | Brik-It",
    "price_raw":"Rp28.000",
    "price_clean":28000.0,
    "shop_name":"Brik It",
    "sold_count_raw":"1 terjual",
    "sold_count_clean":1.0,
    "product_url":"https:\/\/www.tokopedia.com\/brik-it\/arang-briket-batok-kelapa-briket-arang-bbq-tidak-berasap-1-kg-brik-it-1729753867897308341?extParam=ivf%3Dfalse%26keyword%3Dbriket+kelapa%26src%3Dsearch",
    "search_query":"briket kelapa",
    "weight_kg":1.0,
    "price_per_kg":28000.0,
    "0":"lain",
    "1":"lain",
    "2":"lokal"
  },
  {
    "_id":{
      "$oid":"684910517013c07662ad8f26"
    },
    "timestamp_scrape":"2025-06-11T11:52:47.254842",
    "ecommerce":"Tokopedia",
    "product_name":"Arang Briket Cube Kotak Batok Kelapa - Tidak Berasap - 1 Kg | Brik-It",
    "price_raw":"Rp46.000",
    "price_clean":46000.0,
    "shop_name":"Brik It",
    "sold_count_raw":"1 terjual",
    "sold_count_clean":1.0,
    "product_url":"https:\/\/www.tokopedia.com\/brik-it\/arang-briket-cube-kotak-batok-kelapa-tidak-berasap-1-kg-brik-it-1729750852652991669?extParam=ivf%3Dfalse%26keyword%3Dbriket+kelapa%26src%3Dsearch",
    "search_query":"briket kelapa",
    "weight_kg":1.0,
    "price_per_kg":46000.0,
    "0":"lain",
    "1":"bbq",
    "2":"lokal"
  },
  {
    "_id":{
      "$oid":"684910517013c07662ad8f27"
    },
    "timestamp_scrape":"2025-06-11T11:52:48.568192",
    "ecommerce":"Tokopedia",
    "product_name":"1kg Arang Briket Batok Kelapa Full",
    "price_raw":"Rp10.080",
    "price_clean":10080.0,
    "shop_name":"Rojo Charcoal",
    "sold_count_raw":"0 terjual",
    "sold_count_clean":0.0,
    "product_url":"https:\/\/www.tokopedia.com\/rojo-charcoal\/1kg-arang-briket-batok-kelapa-full-1731592317661840739?extParam=ivf%3Dfalse%26keyword%3Dbriket+kelapa%26src%3Dsearch",
    "search_query":"briket kelapa",
    "weight_kg":1.0,
    "price_per_kg":10080.0,
    "0":"lain",
    "1":"bbq",
    "2":"export"
  },
  {
    "_id":{
      "$oid":"684910517013c07662ad8f28"
    },
    "timestamp_scrape":"2025-06-11T11:52:49.873848",
    "ecommerce":"Tokopedia",
    "product_name":"Briket batok kelapa Antik Modern",
    "price_raw":"Rp10.000",
    "price_clean":10000.0,
    "shop_name":"reunywldr",
    "sold_count_raw":"0 terjual",
    "sold_count_clean":0.0,
    "product_url":"https:\/\/www.tokopedia.com\/reunywldr\/briket-batok-kelapa-antik-modern-1729499342821165525?extParam=ivf%3Dfalse%26keyword%3Dbriket+kelapa%26src%3Dsearch",
    "search_query":"briket kelapa",
    "weight_kg":null,
    "price_per_kg":null,
    "0":"lain",
    "1":"shisha",
    "2":"lokal"
  },
  {
    "_id":{
      "$oid":"684910517013c07662ad8f29"
    },
    "timestamp_scrape":"2025-06-11T11:52:50.621864",
    "ecommerce":"Tokopedia",
    "product_name":"Arang briket tempurung kelapa",
    "price_raw":"Rp10.000",
    "price_clean":10000.0,
    "shop_name":"guru.ocr",
    "sold_count_raw":"0 terjual",
    "sold_count_clean":0.0,
    "product_url":"https:\/\/www.tokopedia.com\/guruocr\/arang-briket-tempurung-kelapa-1731136117504706052?extParam=ivf%3Dfalse%26keyword%3Dbriket+kelapa%26src%3Dsearch",
    "search_query":"briket kelapa",
    "weight_kg":null,
    "price_per_kg":null,
    "0":"lain",
    "1":"lain",
    "2":"lokal"
  },
  {
    "_id":{
      "$oid":"684910517013c07662ad8f2c"
    },
    "timestamp_scrape":"2025-06-11T11:53:18.325579",
    "ecommerce":"Tokopedia",
    "product_name":"Briket areng Batok kelapa 185_",
    "price_raw":"Rp4.690",
    "price_clean":4690.0,
    "shop_name":"briket areng jember",
    "sold_count_raw":"0 terjual",
    "sold_count_clean":0.0,
    "product_url":"https:\/\/www.tokopedia.com\/briket-areng-jember\/briket-areng-batok-kelapa-185-1730150164065585090?extParam=ivf%3Dfalse%26keyword%3Dbriket+kelapa%26src%3Dsearch",
    "search_query":"briket kelapa",
    "weight_kg":null,
    "price_per_kg":null,
    "0":"lain",
    "1":"bbq",
    "2":"export"
  },
  {
    "_id":{
      "$oid":"684910517013c07662ad8f2d"
    },
    "timestamp_scrape":"2025-06-11T11:53:19.576741",
    "ecommerce":"Tokopedia",
    "product_name":"Optima Briket Arang Batok Kelapa 1 Kg Export Quality",
    "price_raw":"Rp78.000",
    "price_clean":78000.0,
    "shop_name":"sitinu_NEW",
    "sold_count_raw":"0 terjual",
    "sold_count_clean":0.0,
    "product_url":"https:\/\/www.tokopedia.com\/jayastoree3\/optima-briket-arang-batok-kelapa-1-kg-export-quality-1731300706050999485?extParam=ivf%3Dfalse%26keyword%3Dbriket+kelapa%26src%3Dsearch",
    "search_query":"briket kelapa",
    "weight_kg":1.0,
    "price_per_kg":78000.0,
    "0":"lain",
    "1":"lain",
    "2":"lokal"
  },
  {
    "_id":{
      "$oid":"684910517013c07662ad8f2f"
    },
    "timestamp_scrape":"2025-06-11T11:53:21.462842",
    "ecommerce":"Tokopedia",
    "product_name":"Arang briket batok kelapa 1kg.Uk(5Ã2,5Ã2,5)",
    "price_raw":"Rp12.000",
    "price_clean":12000.0,
    "shop_name":"Jaya charcoal99",
    "sold_count_raw":"0 terjual",
    "sold_count_clean":0.0,
    "product_url":"https:\/\/www.tokopedia.com\/jaya-charcoal99\/arang-briket-batok-kelapa-1kg-uk-5-2-5-2-5-1730903672356963637?extParam=ivf%3Dfalse%26keyword%3Dbriket+kelapa%26src%3Dsearch",
    "search_query":"briket kelapa",
    "weight_kg":1.0,
    "price_per_kg":12000.0,
    "0":"lain",
    "1":"bbq",
    "2":"lokal"
  },
  {
    "_id":{
      "$oid":"684910517013c07662ad8f30"
    },
    "timestamp_scrape":"2025-06-11T11:53:22.731051",
    "ecommerce":"Tokopedia",
    "product_name":"PRODUK TERBARU! 1kg arang Briket Batok Kelapa kotak super",
    "price_raw":"Rp57.600",
    "price_clean":57600.0,
    "shop_name":"YENS ZOE RONI",
    "sold_count_raw":"0 terjual",
    "sold_count_clean":0.0,
    "product_url":"https:\/\/www.tokopedia.com\/yenszoe\/produk-terbaru-1kg-arang-briket-batok-kelapa-kotak-super?extParam=ivf%3Dfalse%26keyword%3Dbriket+kelapa%26src%3Dsearch",
    "search_query":"briket kelapa",
    "weight_kg":1.0,
    "price_per_kg":57600.0,
    "0":"lain",
    "1":"lain",
    "2":"lokal"
  },
  {
    "_id":{
      "$oid":"684910517013c07662ad8f31"
    },
    "timestamp_scrape":"2025-06-11T11:53:23.983892",
    "ecommerce":"Tokopedia",
    "product_name":"Arang Briket Batok Kelapa 1Kg Kualitas Premium 100% Murni untuk Pengalaman Barbeque yang Lebih Baik - Kitchenware",
    "price_raw":"Rp12.500",
    "price_clean":12500.0,
    "shop_name":"Barokah Briket_NEW",
    "sold_count_raw":"0 terjual",
    "sold_count_clean":0.0,
    "product_url":"https:\/\/www.tokopedia.com\/barokah-briket\/arang-briket-batok-kelapa-1kg-kualitas-premium-100-murni-untuk-pengalaman-barbeque-yang-lebih-baik-kitchenware-1730910498386839135?extParam=ivf%3Dfalse%26keyword%3Dbriket+kelapa%26src%3Dsearch",
    "search_query":"briket kelapa",
    "weight_kg":1.0,
    "price_per_kg":12500.0,
    "0":"cube",
    "1":"bbq",
    "2":"lokal"
  },
  {
    "_id":{
      "$oid":"684910517013c07662ad8f32"
    },
    "timestamp_scrape":"2025-06-11T11:53:25.218682",
    "ecommerce":"Tokopedia",
    "product_name":"PRODUK TERBARU! 100% Briket Arang Batok Kelapa Kualitas Export - untuk",
    "price_raw":"Rp51.600",
    "price_clean":51600.0,
    "shop_name":"YENS ZOE RONI",
    "sold_count_raw":"0 terjual",
    "sold_count_clean":0.0,
    "product_url":"https:\/\/www.tokopedia.com\/yenszoe\/produk-terbaru-100-briket-arang-batok-kelapa-kualitas-export-untuk?extParam=ivf%3Dfalse%26keyword%3Dbriket+kelapa%26src%3Dsearch",
    "search_query":"briket kelapa",
    "weight_kg":null,
    "price_per_kg":null,
    "0":"hexagonal",
    "1":"lain",
    "2":"lokal"
  },
  {
    "_id":{
      "$oid":"684910517013c07662ad8f33"
    },
    "timestamp_scrape":"2025-06-11T11:53:25.810328",
    "ecommerce":"Tokopedia",
    "product_name":"Briket Arang Batok Kelapa Hexagonal \/ Lonjong 1kg Untuk BBQ Dan Shisa",
    "price_raw":"Rp18.000",
    "price_clean":18000.0,
    "shop_name":"Bangzaa Herball",
    "sold_count_raw":"1 terjual",
    "sold_count_clean":1.0,
    "product_url":"https:\/\/www.tokopedia.com\/bangzaa\/briket-arang-batok-kelapa-hexagonal-lonjong-1kg-untuk-bbq-dan-shisa?extParam=ivf%3Dfalse%26keyword%3Dbriket+kelapa%26src%3Dsearch",
    "search_query":"briket kelapa",
    "weight_kg":1.0,
    "price_per_kg":18000.0,
    "0":"lain",
    "1":"lain",
    "2":"lokal"
  },
  {
    "_id":{
      "$oid":"684910517013c07662ad8f34"
    },
    "timestamp_scrape":"2025-06-11T11:53:27.073676",
    "ecommerce":"Tokopedia",
    "product_name":"arang briket batok kelapa BBQ kemasan  1 kg arang briket tungku kayu bakar",
    "price_raw":"Rp15.000",
    "price_clean":15000.0,
    "shop_name":"cagbriq oficial store",
    "sold_count_raw":"0 terjual",
    "sold_count_clean":0.0,
    "product_url":"https:\/\/www.tokopedia.com\/cagbriq-oficial-store\/arang-briket-batok-kelapa-bbq-kemasan-1-kg-arang-briket-tungku-kayu-bakar-1730356957748692976?extParam=ivf%3Dfalse%26keyword%3Dbriket+kelapa%26src%3Dsearch",
    "search_query":"briket kelapa",
    "weight_kg":1.0,
    "price_per_kg":15000.0,
    "0":"lain",
    "1":"lain",
    "2":"lokal"
  },
  {
    "_id":{
      "$oid":"684910517013c07662ad8f35"
    },
    "timestamp_scrape":"2025-06-11T11:53:27.671530",
    "ecommerce":"Tokopedia",
    "product_name":"PRODUK TERBARU! Arang briket batok kelapa premium",
    "price_raw":"Rp51.600",
    "price_clean":51600.0,
    "shop_name":"YENS ZOE RONI",
    "sold_count_raw":"5 terjual",
    "sold_count_clean":5.0,
    "product_url":"https:\/\/www.tokopedia.com\/yenszoe\/produk-terbaru-arang-briket-batok-kelapa-premium?extParam=ivf%3Dfalse%26keyword%3Dbriket+kelapa%26src%3Dsearch",
    "search_query":"briket kelapa",
    "weight_kg":null,
    "price_per_kg":null,
    "0":"lain",
    "1":"lain",
    "2":"lokal"
  },
  {
    "_id":{
      "$oid":"684910517013c07662ad8f36"
    },
    "timestamp_scrape":"2025-06-11T11:53:28.905460",
    "ecommerce":"Tokopedia",
    "product_name":"PRODUK TERBARU! Briket Arang 100% Batok Kelapa kualitas ekspor || Isi",
    "price_raw":"Rp51.600",
    "price_clean":51600.0,
    "shop_name":"YENS ZOE RONI",
    "sold_count_raw":"0 terjual",
    "sold_count_clean":0.0,
    "product_url":"https:\/\/www.tokopedia.com\/yenszoe\/produk-terbaru-briket-arang-100-batok-kelapa-kualitas-ekspor-isi?extParam=ivf%3Dfalse%26keyword%3Dbriket+kelapa%26src%3Dsearch",
    "search_query":"briket kelapa",
    "weight_kg":null,
    "price_per_kg":null,
    "0":"lain",
    "1":"bbq",
    "2":"lokal"
  },
  {
    "_id":{
      "$oid":"684910517013c07662ad8f37"
    },
    "timestamp_scrape":"2025-06-11T11:53:29.501493",
    "ecommerce":"Tokopedia",
    "product_name":"Arang Briket Murah!!! (100% Batok Kelapa) [Kitchenware]",
    "price_raw":"Rp8.000",
    "price_clean":8000.0,
    "shop_name":"ATP CHARCOAL",
    "sold_count_raw":"9 terjual",
    "sold_count_clean":9.0,
    "product_url":"https:\/\/www.tokopedia.com\/atp-charcoal\/arang-briket-murah-100-batok-kelapa-kitchenware-1730459312519350202?extParam=ivf%3Dfalse%26keyword%3Dbriket+kelapa%26src%3Dsearch",
    "search_query":"briket kelapa",
    "weight_kg":null,
    "price_per_kg":null,
    "0":"lain",
    "1":"lain",
    "2":"lokal"
  },
  {
    "_id":{
      "$oid":"684910517013c07662ad8f3a"
    },
    "timestamp_scrape":"2025-06-11T11:53:54.703640",
    "ecommerce":"Tokopedia",
    "product_name":"Briket Arang Kelapa Sawit untuk Restoran, Penghangat Ayam, Pabrik Tahu",
    "price_raw":"Rp30.000",
    "price_clean":30000.0,
    "shop_name":"sitinu_NEW",
    "sold_count_raw":"0 terjual",
    "sold_count_clean":0.0,
    "product_url":"https:\/\/www.tokopedia.com\/jayastoree3\/briket-arang-kelapa-sawit-untuk-restoran-penghangat-ayam-pabrik-tahu-1731300698512131261?extParam=ivf%3Dfalse%26keyword%3Dbriket+kelapa%26src%3Dsearch",
    "search_query":"briket kelapa",
    "weight_kg":null,
    "price_per_kg":null,
    "0":"lain",
    "1":"lain",
    "2":"lokal"
  },
  {
    "_id":{
      "$oid":"684910517013c07662ad8f3b"
    },
    "timestamp_scrape":"2025-06-11T11:53:55.922401",
    "ecommerce":"Tokopedia",
    "product_name":"Arang Briket Arang Batok Kelapa Bara Shisha Super Premium 1KG",
    "price_raw":"Rp29.400",
    "price_clean":29400.0,
    "shop_name":"-Muntaz-",
    "sold_count_raw":"0 terjual",
    "sold_count_clean":0.0,
    "product_url":"https:\/\/www.tokopedia.com\/-munta\/arang-briket-arang-batok-kelapa-bara-shisha-super-premium-1kg?extParam=ivf%3Dfalse%26keyword%3Dbriket+kelapa%26src%3Dsearch",
    "search_query":"briket kelapa",
    "weight_kg":1.0,
    "price_per_kg":29400.0,
    "0":"lain",
    "1":"lain",
    "2":"lokal"
  },
  {
    "_id":{
      "$oid":"684910517013c07662ad8f3d"
    },
    "timestamp_scrape":"2025-06-11T11:53:57.744014",
    "ecommerce":"Tokopedia",
    "product_name":"PRODUK TERBARU! Arang | Briket | Arang batok kelapa| Briket kualitas",
    "price_raw":"Rp43.600",
    "price_clean":43600.0,
    "shop_name":"YENS ZOE RONI",
    "sold_count_raw":"0 terjual",
    "sold_count_clean":0.0,
    "product_url":"https:\/\/www.tokopedia.com\/yenszoe\/produk-terbaru-arang-briket-arang-batok-kelapa-briket-kualitas?extParam=ivf%3Dfalse%26keyword%3Dbriket+kelapa%26src%3Dsearch",
    "search_query":"briket kelapa",
    "weight_kg":null,
    "price_per_kg":null,
    "0":"lain",
    "1":"lain",
    "2":"export"
  },
  {
    "_id":{
      "$oid":"684910517013c07662ad8f3e"
    },
    "timestamp_scrape":"2025-06-11T11:53:58.982242",
    "ecommerce":"Tokopedia",
    "product_name":"1kg Briket Arang BBQ Buhur Dupa - Arang Batok Kelapa",
    "price_raw":"Rp19.400",
    "price_clean":19400.0,
    "shop_name":"-Muntaz-",
    "sold_count_raw":"0 terjual",
    "sold_count_clean":0.0,
    "product_url":"https:\/\/www.tokopedia.com\/-munta\/1kg-briket-arang-bbq-buhur-dupa-arang-batok-kelapa-briket-1kg-db8dd?extParam=ivf%3Dfalse%26keyword%3Dbriket+kelapa%26src%3Dsearch",
    "search_query":"briket kelapa",
    "weight_kg":1.0,
    "price_per_kg":19400.0,
    "0":"cube",
    "1":"lain",
    "2":"lokal"
  },
  {
    "_id":{
      "$oid":"684910517013c07662ad8f3f"
    },
    "timestamp_scrape":"2025-06-11T11:54:00.268004",
    "ecommerce":"Tokopedia",
    "product_name":"PRODUK TERBARU! Arang briket tempurung kelapa",
    "price_raw":"Rp47.600",
    "price_clean":47600.0,
    "shop_name":"YENS ZOE RONI",
    "sold_count_raw":"0 terjual",
    "sold_count_clean":0.0,
    "product_url":"https:\/\/www.tokopedia.com\/yenszoe\/produk-terbaru-arang-briket-tempurung-kelapa?extParam=ivf%3Dfalse%26keyword%3Dbriket+kelapa%26src%3Dsearch",
    "search_query":"briket kelapa",
    "weight_kg":null,
    "price_per_kg":null,
    "0":"cube",
    "1":"bbq",
    "2":"lokal"
  },
  {
    "_id":{
      "$oid":"684910517013c07662ad8f40"
    },
    "timestamp_scrape":"2025-06-11T11:54:00.856378",
    "ecommerce":"Tokopedia",
    "product_name":"Arang Briket Batok Kelapa 2Kg Kualitas Premium untuk Barbecu - Kitchenware",
    "price_raw":"Rp21.500",
    "price_clean":21500.0,
    "shop_name":"Barokah Briket_NEW",
    "sold_count_raw":"1 terjual",
    "sold_count_clean":1.0,
    "product_url":"https:\/\/www.tokopedia.com\/barokah-briket\/arang-briket-batok-kelapa-2kg-kualitas-premium-untuk-barbecu-kitchenware-1730918300269643359?extParam=ivf%3Dfalse%26keyword%3Dbriket+kelapa%26src%3Dsearch",
    "search_query":"briket kelapa",
    "weight_kg":2.0,
    "price_per_kg":10750.0,
    "0":"lain",
    "1":"bbq",
    "2":"lokal"
  },
  {
    "_id":{
      "$oid":"684910517013c07662ad8f41"
    },
    "timestamp_scrape":"2025-06-11T11:54:01.446941",
    "ecommerce":"Tokopedia",
    "product_name":"Briket arang batok kelapa untuk shisha 1 kg Super premium",
    "price_raw":"Rp29.000",
    "price_clean":29000.0,
    "shop_name":"Mendunganbriket",
    "sold_count_raw":"1 terjual",
    "sold_count_clean":1.0,
    "product_url":"https:\/\/www.tokopedia.com\/mendunganbriket\/briket-arang-batok-kelapa-untuk-shisha-1-kg-super-premium?extParam=ivf%3Dfalse%26keyword%3Dbriket+kelapa%26src%3Dsearch",
    "search_query":"briket kelapa",
    "weight_kg":1.0,
    "price_per_kg":29000.0,
    "0":"lain",
    "1":"lain",
    "2":"lokal"
  },
  {
    "_id":{
      "$oid":"684910517013c07662ad8f42"
    },
    "timestamp_scrape":"2025-06-11T11:54:02.660892",
    "ecommerce":"Tokopedia",
    "product_name":"Optima Arang Briket Batok Kelapa 1 Kg Shisha Quality",
    "price_raw":"Rp28.600",
    "price_clean":28600.0,
    "shop_name":"-Muntaz-",
    "sold_count_raw":"0 terjual",
    "sold_count_clean":0.0,
    "product_url":"https:\/\/www.tokopedia.com\/-munta\/optima-arang-briket-batok-kelapa-1-kg-shisha-quality?extParam=ivf%3Dfalse%26keyword%3Dbriket+kelapa%26src%3Dsearch",
    "search_query":"briket kelapa",
    "weight_kg":1.0,
    "price_per_kg":28600.0,
    "0":"lain",
    "1":"lain",
    "2":"lokal"
  },
  {
    "_id":{
      "$oid":"684910517013c07662ad8f43"
    },
    "timestamp_scrape":"2025-06-11T11:54:03.886346",
    "ecommerce":"Tokopedia",
    "product_name":"Briket Arang Batok Kelapa Hitam Arang Kayu Arang Tempurung",
    "price_raw":"Rp31.500",
    "price_clean":31500.0,
    "shop_name":"cintacint-a",
    "sold_count_raw":"0 terjual",
    "sold_count_clean":0.0,
    "product_url":"https:\/\/www.tokopedia.com\/cintacint-\/briket-arang-batok-kelapa-hitam-arang-kayu-arang-tempurung?extParam=ivf%3Dfalse%26keyword%3Dbriket+kelapa%26src%3Dsearch",
    "search_query":"briket kelapa",
    "weight_kg":null,
    "price_per_kg":null,
    "0":"lain",
    "1":"lain",
    "2":"lokal"
  },
  {
    "_id":{
      "$oid":"684910517013c07662ad8f44"
    },
    "timestamp_scrape":"2025-06-11T11:54:05.100100",
    "ecommerce":"Tokopedia",
    "product_name":"Briket Arang Batok Kelapa Hitam Arang Kayu Arang Tempurung",
    "price_raw":"Rp31.500",
    "price_clean":31500.0,
    "shop_name":"sanas-s",
    "sold_count_raw":"0 terjual",
    "sold_count_clean":0.0,
    "product_url":"https:\/\/www.tokopedia.com\/sanas-s\/briket-arang-batok-kelapa-hitam-arang-kayu-arang-tempurung?extParam=ivf%3Dfalse%26keyword%3Dbriket+kelapa%26src%3Dsearch",
    "search_query":"briket kelapa",
    "weight_kg":null,
    "price_per_kg":null,
    "0":"lain",
    "1":"shisha",
    "2":"lokal"
  },
  {
    "_id":{
      "$oid":"684910517013c07662ad8f45"
    },
    "timestamp_scrape":"2025-06-11T11:54:05.844396",
    "ecommerce":"Tokopedia",
    "product_name":"1 kg arang briket batok kelapa untuk bbq murah alami uku kuybse 9227nr",
    "price_raw":"Rp35.000",
    "price_clean":35000.0,
    "shop_name":"ASERGO",
    "sold_count_raw":"0 terjual",
    "sold_count_clean":0.0,
    "product_url":"https:\/\/www.tokopedia.com\/aserg\/1-kg-arang-briket-batok-kelapa-untuk-bbq-murah-alami-uku-kuybse-9227nr?extParam=ivf%3Dfalse%26keyword%3Dbriket+kelapa%26src%3Dsearch",
    "search_query":"briket kelapa",
    "weight_kg":1.0,
    "price_per_kg":35000.0,
    "0":"lain",
    "1":"bbq",
    "2":"lokal"
  },
  {
    "_id":{
      "$oid":"684910517013c07662ad8f48"
    },
    "timestamp_scrape":"2025-06-11T11:54:32.264705",
    "ecommerce":"Tokopedia",
    "product_name":"Arang Briket cube Batok Kelapa",
    "price_raw":"Rp7.500",
    "price_clean":7500.0,
    "shop_name":"-Muntaz-",
    "sold_count_raw":"0 terjual",
    "sold_count_clean":0.0,
    "product_url":"https:\/\/www.tokopedia.com\/-munta\/arang-briket-cube-batok-kelapa-250gr-d23dc?extParam=ivf%3Dfalse%26keyword%3Dbriket+kelapa%26src%3Dsearch",
    "search_query":"briket kelapa",
    "weight_kg":null,
    "price_per_kg":null,
    "0":"lain",
    "1":"shisha",
    "2":"lokal"
  },
  {
    "_id":{
      "$oid":"684910517013c07662ad8f49"
    },
    "timestamp_scrape":"2025-06-11T11:54:33.499735",
    "ecommerce":"Tokopedia",
    "product_name":"Arang Briket Batok Kelapa Export Quality Untuk BBQ dan Shisha 500 Gram",
    "price_raw":"Rp14.600",
    "price_clean":14600.0,
    "shop_name":"-Muntaz-",
    "sold_count_raw":"0 terjual",
    "sold_count_clean":0.0,
    "product_url":"https:\/\/www.tokopedia.com\/-munta\/arang-briket-batok-kelapa-export-quality-untuk-bbq-dan-shisha-500-gram?extParam=ivf%3Dfalse%26keyword%3Dbriket+kelapa%26src%3Dsearch",
    "search_query":"briket kelapa",
    "weight_kg":0.5,
    "price_per_kg":29200.0,
    "0":"lain",
    "1":"lain",
    "2":"lokal"
  },
  {
    "_id":{
      "$oid":"684910517013c07662ad8f4a"
    },
    "timestamp_scrape":"2025-06-11T11:54:34.741403",
    "ecommerce":"Tokopedia",
    "product_name":"Dijual Arang Briket Batok Kelapa 1 kg Export Quality untuk BBQ Diskon",
    "price_raw":"Rp50.000",
    "price_clean":50000.0,
    "shop_name":"zaki_store03",
    "sold_count_raw":"0 terjual",
    "sold_count_clean":0.0,
    "product_url":"https:\/\/www.tokopedia.com\/zakistore0\/dijual-arang-briket-batok-kelapa-1-kg-export-quality-untuk-bbq-diskon?extParam=ivf%3Dfalse%26keyword%3Dbriket+kelapa%26src%3Dsearch",
    "search_query":"briket kelapa",
    "weight_kg":1.0,
    "price_per_kg":50000.0,
    "0":"cube",
    "1":"lain",
    "2":"lokal"
  },
  {
    "_id":{
      "$oid":"684910517013c07662ad8f4b"
    },
    "timestamp_scrape":"2025-06-11T11:54:35.969657",
    "ecommerce":"Tokopedia",
    "product_name":"Pabrik Briket Tempurung Kelapa Pasuruan TLP\/WA 0822-1057-1451",
    "price_raw":"Rp15.000",
    "price_clean":15000.0,
    "shop_name":"nikkio",
    "sold_count_raw":"0 terjual",
    "sold_count_clean":0.0,
    "product_url":"https:\/\/www.tokopedia.com\/archive-nikkio123-1645373152\/pabrik-briket-tempurung-kelapa-pasuruan-tlp-wa-0822-1057-1451?extParam=ivf%3Dfalse%26keyword%3Dbriket+kelapa%26src%3Dsearch",
    "search_query":"briket kelapa",
    "weight_kg":null,
    "price_per_kg":null,
    "0":"lain",
    "1":"lain",
    "2":"lokal"
  },
  {
    "_id":{
      "$oid":"684910517013c07662ad8f4c"
    },
    "timestamp_scrape":"2025-06-11T11:54:36.561790",
    "ecommerce":"Tokopedia",
    "product_name":"PRODUK TERBARU! Arang Batok Kelapa Arang Murni Batok Kelapa Briket",
    "price_raw":"Rp54.600",
    "price_clean":54600.0,
    "shop_name":"YENS ZOE RONI",
    "sold_count_raw":"1 terjual",
    "sold_count_clean":1.0,
    "product_url":"https:\/\/www.tokopedia.com\/yenszoe\/produk-terbaru-arang-batok-kelapa-arang-murni-batok-kelapa-briket?extParam=ivf%3Dfalse%26keyword%3Dbriket+kelapa%26src%3Dsearch",
    "search_query":"briket kelapa",
    "weight_kg":null,
    "price_per_kg":null,
    "0":"lain",
    "1":"bbq",
    "2":"lokal"
  },
  {
    "_id":{
      "$oid":"684910517013c07662ad8f4d"
    },
    "timestamp_scrape":"2025-06-11T11:54:37.151593",
    "ecommerce":"Tokopedia",
    "product_name":"PRODUK TERBARU! Arang Briket batok kelapa 1kg",
    "price_raw":"Rp50.600",
    "price_clean":50600.0,
    "shop_name":"YENS ZOE RONI",
    "sold_count_raw":"2 terjual",
    "sold_count_clean":2.0,
    "product_url":"https:\/\/www.tokopedia.com\/yenszoe\/produk-terbaru-arang-briket-batok-kelapa-1kg?extParam=ivf%3Dfalse%26keyword%3Dbriket+kelapa%26src%3Dsearch",
    "search_query":"briket kelapa",
    "weight_kg":1.0,
    "price_per_kg":50600.0,
    "0":"lain",
    "1":"lain",
    "2":"lokal"
  },
  {
    "_id":{
      "$oid":"684910517013c07662ad8f4e"
    },
    "timestamp_scrape":"2025-06-11T11:54:37.746976",
    "ecommerce":"Tokopedia",
    "product_name":"Briket Hexagonal Kelapa Arang",
    "price_raw":"Rp12.000",
    "price_clean":12000.0,
    "shop_name":"Arang Briket Sukabumi",
    "sold_count_raw":"5 terjual",
    "sold_count_clean":5.0,
    "product_url":"https:\/\/www.tokopedia.com\/arang-briket-sukabumi\/briket-hexagonal-kelapa-arang-1729606159009352406?extParam=ivf%3Dfalse%26keyword%3Dbriket+kelapa%26src%3Dsearch",
    "search_query":"briket kelapa",
    "weight_kg":null,
    "price_per_kg":null,
    "0":"hexagonal",
    "1":"bbq",
    "2":"lokal"
  },
  {
    "_id":{
      "$oid":"684910517013c07662ad8f4f"
    },
    "timestamp_scrape":"2025-06-11T11:54:38.972984",
    "ecommerce":"Tokopedia",
    "product_name":"PRODUK TERBARU! Arang Briket Batok Kelapa, BBQ, Pangang\"an, Kemasan",
    "price_raw":"Rp47.600",
    "price_clean":47600.0,
    "shop_name":"YENS ZOE RONI",
    "sold_count_raw":"0 terjual",
    "sold_count_clean":0.0,
    "product_url":"https:\/\/www.tokopedia.com\/yenszoe\/produk-terbaru-arang-briket-batok-kelapa-bbq-pangang-an-kemasan?extParam=ivf%3Dfalse%26keyword%3Dbriket+kelapa%26src%3Dsearch",
    "search_query":"briket kelapa",
    "weight_kg":null,
    "price_per_kg":null,
    "0":"cube",
    "1":"lain",
    "2":"lokal"
  },
  {
    "_id":{
      "$oid":"684910517013c07662ad8f50"
    },
    "timestamp_scrape":"2025-06-11T11:54:40.215429",
    "ecommerce":"Tokopedia",
    "product_name":"PRODUK TERBARU! arang\/briket\/briket batok kelapa BBQ hexagonal 1kg",
    "price_raw":"Rp48.600",
    "price_clean":48600.0,
    "shop_name":"YENS ZOE RONI",
    "sold_count_raw":"0 terjual",
    "sold_count_clean":0.0,
    "product_url":"https:\/\/www.tokopedia.com\/yenszoe\/produk-terbaru-arang-briket-briket-batok-kelapa-bbq-hexagonal-1kg?extParam=ivf%3Dfalse%26keyword%3Dbriket+kelapa%26src%3Dsearch",
    "search_query":"briket kelapa",
    "weight_kg":1.0,
    "price_per_kg":48600.0,
    "0":"lain",
    "1":"lain",
    "2":"lokal"
  },
  {
    "_id":{
      "$oid":"684910517013c07662ad8f51"
    },
    "timestamp_scrape":"2025-06-11T11:54:41.432523",
    "ecommerce":"Tokopedia",
    "product_name":"Briket Arang Batok Kelapa Hitam Arang Kayu Arang Tempurung",
    "price_raw":"Rp36.500",
    "price_clean":36500.0,
    "shop_name":"gerry-y",
    "sold_count_raw":"0 terjual",
    "sold_count_clean":0.0,
    "product_url":"https:\/\/www.tokopedia.com\/gerry-7\/briket-arang-batok-kelapa-hitam-arang-kayu-arang-tempurung?extParam=ivf%3Dfalse%26keyword%3Dbriket+kelapa%26src%3Dsearch",
    "search_query":"briket kelapa",
    "weight_kg":null,
    "price_per_kg":null,
    "0":"lain",
    "1":"lain",
    "2":"lokal"
  },
  {
    "_id":{
      "$oid":"684910517013c07662ad8f52"
    },
    "timestamp_scrape":"2025-06-11T11:54:42.537336",
    "ecommerce":"Tokopedia",
    "product_name":"Arang Briket Hexagonal Batok Kelapa BBQ Barbeque ( kemasan 2 Kg )",
    "price_raw":"Rp26.600",
    "price_clean":26600.0,
    "shop_name":"-Muntaz-",
    "sold_count_raw":"0 terjual",
    "sold_count_clean":0.0,
    "product_url":"https:\/\/www.tokopedia.com\/-munta\/arang-briket-hexagonal-batok-kelapa-bbq-barbeque-kemasan-2-kg?extParam=ivf%3Dfalse%26keyword%3Dbriket+kelapa%26src%3Dsearch",
    "search_query":"briket kelapa",
    "weight_kg":2.0,
    "price_per_kg":13300.0,
    "0":"hexagonal",
    "1":"bbq",
    "2":"lokal"
  },
  {
    "_id":{
      "$oid":"684910517013c07662ad8f55"
    },
    "timestamp_scrape":"2025-06-11T11:55:17.102791",
    "ecommerce":"Tokopedia",
    "product_name":"Briket Arang BBQ 500grm Asli Batok Kelapa Sulawesi Kwalitas Terbaik",
    "price_raw":"Rp54.000",
    "price_clean":54000.0,
    "shop_name":"Saskya Wiji Pramesti",
    "sold_count_raw":"0 terjual",
    "sold_count_clean":0.0,
    "product_url":"https:\/\/www.tokopedia.com\/saskyawiji\/briket-arang-bbq-500grm-asli-batok-kelapa-sulawesi-kwalitas-terbaik?extParam=ivf%3Dfalse%26keyword%3Dbriket+kelapa%26src%3Dsearch",
    "search_query":"briket kelapa",
    "weight_kg":0.5,
    "price_per_kg":108000.0,
    "0":"lain",
    "1":"lain",
    "2":"export"
  },
  {
    "_id":{
      "$oid":"684910517013c07662ad8f56"
    },
    "timestamp_scrape":"2025-06-11T11:55:17.702251",
    "ecommerce":"Tokopedia",
    "product_name":"Jual Produsen Pabrik Briket Arang Shisha Barbeque Sawdust Batok Kelapa",
    "price_raw":"Rp10.000",
    "price_clean":10000.0,
    "shop_name":"Pabrik Briket Shisha",
    "sold_count_raw":"5 terjual",
    "sold_count_clean":5.0,
    "product_url":"https:\/\/www.tokopedia.com\/archive-pabrikbriket\/jual-produsen-pabrik-briket-arang-shisha-barbeque-sawdust-batok-kelapa-21?extParam=ivf%3Dfalse%26keyword%3Dbriket+kelapa%26src%3Dsearch",
    "search_query":"briket kelapa",
    "weight_kg":null,
    "price_per_kg":null,
    "0":"lain",
    "1":"lain",
    "2":"lokal"
  },
  {
    "_id":{
      "$oid":"684910517013c07662ad8f57"
    },
    "timestamp_scrape":"2025-06-11T11:55:18.288462",
    "ecommerce":"Tokopedia",
    "product_name":"[ Js ] Optima Lite Arang Briket Batok Kelapa Cube 1 Kg Bbq Terbaru",
    "price_raw":"Rp18.000",
    "price_clean":18000.0,
    "shop_name":"Babe Hoki",
    "sold_count_raw":"1 terjual",
    "sold_count_clean":1.0,
    "product_url":"https:\/\/www.tokopedia.com\/babe-hoki\/js-optima-lite-arang-briket-batok-kelapa-cube-1-kg-bbq-terbaru-1731225157053875856?extParam=ivf%3Dfalse%26keyword%3Dbriket+kelapa%26src%3Dsearch",
    "search_query":"briket kelapa",
    "weight_kg":1.0,
    "price_per_kg":18000.0,
    "0":"lain",
    "1":"bbq",
    "2":"lokal"
  },
  {
    "_id":{
      "$oid":"684910517013c07662ad8f58"
    },
    "timestamp_scrape":"2025-06-11T11:55:19.568832",
    "ecommerce":"Tokopedia",
    "product_name":"PRODUK TERBARU! Biobriket \/ Arang Briket Tempurung Kelapa 1kg",
    "price_raw":"Rp64.600",
    "price_clean":64600.0,
    "shop_name":"YENS ZOE RONI",
    "sold_count_raw":"0 terjual",
    "sold_count_clean":0.0,
    "product_url":"https:\/\/www.tokopedia.com\/yenszoe\/produk-terbaru-biobriket-arang-briket-tempurung-kelapa-1kg?extParam=ivf%3Dfalse%26keyword%3Dbriket+kelapa%26src%3Dsearch",
    "search_query":"briket kelapa",
    "weight_kg":1.0,
    "price_per_kg":64600.0,
    "0":"lain",
    "1":"bbq",
    "2":"lokal"
  },
  {
    "_id":{
      "$oid":"684910517013c07662ad8f59"
    },
    "timestamp_scrape":"2025-06-11T11:55:20.857132",
    "ecommerce":"Tokopedia",
    "product_name":"Arang batok kelapa (Grande Pack) Briket Hexagonal 5cm-45pcsterbatas",
    "price_raw":"Rp136.000",
    "price_clean":136000.0,
    "shop_name":"Debonaire.",
    "sold_count_raw":"0 terjual",
    "sold_count_clean":0.0,
    "product_url":"https:\/\/www.tokopedia.com\/debonaire-1\/arang-batok-kelapa-grande-pack-briket-hexagonal-5cm-45pcsterbatas-1731155157975008534?extParam=ivf%3Dfalse%26keyword%3Dbriket+kelapa%26src%3Dsearch",
    "search_query":"briket kelapa",
    "weight_kg":null,
    "price_per_kg":null,
    "0":"cube",
    "1":"bbq",
    "2":"lokal"
  },
  {
    "_id":{
      "$oid":"684910517013c07662ad8f5a"
    },
    "timestamp_scrape":"2025-06-11T11:55:22.120782",
    "ecommerce":"Tokopedia",
    "product_name":"Jual Produsen Pabrik Briket Arang Shisha Barbeque Sawdust Batok Kelapa",
    "price_raw":"Rp10.000",
    "price_clean":10000.0,
    "shop_name":"Pabrik Briket Shisha",
    "sold_count_raw":"0 terjual",
    "sold_count_clean":0.0,
    "product_url":"https:\/\/www.tokopedia.com\/archive-pabrikbriket\/jual-produsen-pabrik-briket-arang-shisha-barbeque-sawdust-batok-kelapa-17?extParam=ivf%3Dfalse%26keyword%3Dbriket+kelapa%26src%3Dsearch",
    "search_query":"briket kelapa",
    "weight_kg":null,
    "price_per_kg":null,
    "0":"lain",
    "1":"lain",
    "2":"lokal"
  },
  {
    "_id":{
      "$oid":"684910517013c07662ad8f5b"
    },
    "timestamp_scrape":"2025-06-11T11:55:23.342012",
    "ecommerce":"Tokopedia",
    "product_name":"arang briket batok kelapa kualitas ekspor 1 kilogram rea gufnjk 3332py",
    "price_raw":"Rp50.000",
    "price_clean":50000.0,
    "shop_name":"seismokrat",
    "sold_count_raw":"0 terjual",
    "sold_count_clean":0.0,
    "product_url":"https:\/\/www.tokopedia.com\/seismokrat\/arang-briket-batok-kelapa-kualitas-ekspor-1-kilogram-rea-gufnjk-3332py?extParam=ivf%3Dfalse%26keyword%3Dbriket+kelapa%26src%3Dsearch",
    "search_query":"briket kelapa",
    "weight_kg":null,
    "price_per_kg":null,
    "0":"lain",
    "1":"lain",
    "2":"lokal"
  },
  {
    "_id":{
      "$oid":"684910517013c07662ad8f5c"
    },
    "timestamp_scrape":"2025-06-11T11:55:24.579010",
    "ecommerce":"Tokopedia",
    "product_name":"Arang briket batok kelapa 10kg pengiriman dengan Gojek\/Grab",
    "price_raw":"Rp128.300",
    "price_clean":128300.0,
    "shop_name":"-Muntaz-",
    "sold_count_raw":"0 terjual",
    "sold_count_clean":0.0,
    "product_url":"https:\/\/www.tokopedia.com\/-munta\/arang-briket-batok-kelapa-10kg-pengiriman-dengan-gojek-grab?extParam=ivf%3Dfalse%26keyword%3Dbriket+kelapa%26src%3Dsearch",
    "search_query":"briket kelapa",
    "weight_kg":10.0,
    "price_per_kg":12830.0,
    "0":"lain",
    "1":"lain",
    "2":"lokal"
  },
  {
    "_id":{
      "$oid":"684910517013c07662ad8f5d"
    },
    "timestamp_scrape":"2025-06-11T11:55:25.193572",
    "ecommerce":"Tokopedia",
    "product_name":"Arang briket hexagonal kelapa kualitas ekspor barbeque",
    "price_raw":"Rp16.000",
    "price_clean":16000.0,
    "shop_name":"sitinu_NEW",
    "sold_count_raw":"4 terjual",
    "sold_count_clean":4.0,
    "product_url":"https:\/\/www.tokopedia.com\/jayastoree3\/arang-briket-hexagonal-kelapa-kualitas-ekspor-barbeque-1731300698345538749?extParam=ivf%3Dfalse%26keyword%3Dbriket+kelapa%26src%3Dsearch",
    "search_query":"briket kelapa",
    "weight_kg":null,
    "price_per_kg":null,
    "0":"lain",
    "1":"lain",
    "2":"lokal"
  },
  {
    "_id":{
      "$oid":"684910517013c07662ad8f5e"
    },
    "timestamp_scrape":"2025-06-11T11:55:26.426738",
    "ecommerce":"Tokopedia",
    "product_name":"Briket Arang Barbeque Shisha Sawdust Batok Kelapa Kayu Grosir Pabrik",
    "price_raw":"Rp10.000",
    "price_clean":10000.0,
    "shop_name":"Toko Atha \/ Atha Shop",
    "sold_count_raw":"0 terjual",
    "sold_count_clean":0.0,
    "product_url":"https:\/\/www.tokopedia.com\/archive-shopatha\/briket-arang-barbeque-shisha-sawdust-batok-kelapa-kayu-grosir-pabrik-15?extParam=ivf%3Dfalse%26keyword%3Dbriket+kelapa%26src%3Dsearch",
    "search_query":"briket kelapa",
    "weight_kg":null,
    "price_per_kg":null,
    "0":"cube",
    "1":"lain",
    "2":"lokal"
  },
  {
    "_id":{
      "$oid":"684910517013c07662ad8f5f"
    },
    "timestamp_scrape":"2025-06-11T11:55:27.680457",
    "ecommerce":"Tokopedia",
    "product_name":"PRODUK TERBARU! Briket Arang Batok Kelapa 1kg Kubus Hexagonal Tahan",
    "price_raw":"Rp43.600",
    "price_clean":43600.0,
    "shop_name":"YENS ZOE RONI",
    "sold_count_raw":"0 terjual",
    "sold_count_clean":0.0,
    "product_url":"https:\/\/www.tokopedia.com\/yenszoe\/produk-terbaru-briket-arang-batok-kelapa-1kg-kubus-hexagonal-tahan?extParam=ivf%3Dfalse%26keyword%3Dbriket+kelapa%26src%3Dsearch",
    "search_query":"briket kelapa",
    "weight_kg":1.0,
    "price_per_kg":43600.0,
    "0":"lain",
    "1":"lain",
    "2":"lokal"
  },
  {
    "_id":{
      "$oid":"684910517013c07662ad8f62"
    },
    "timestamp_scrape":"2025-06-11T11:55:53.938276",
    "ecommerce":"Tokopedia",
    "product_name":"cagbriq arang briket batok kelapa kemasan 500 gr BBQ tungku kayu bakar",
    "price_raw":"Rp8.000",
    "price_clean":8000.0,
    "shop_name":"cagbriq oficial store",
    "sold_count_raw":"2 terjual",
    "sold_count_clean":2.0,
    "product_url":"https:\/\/www.tokopedia.com\/cagbriq-oficial-store\/cagbriq-arang-briket-batok-kelapa-kemasan-500-gr-bbq-tungku-kayu-bakar-1729918312208697328?extParam=ivf%3Dfalse%26keyword%3Dbriket+kelapa%26src%3Dsearch",
    "search_query":"briket kelapa",
    "weight_kg":0.5,
    "price_per_kg":16000.0,
    "0":"cube",
    "1":"shisha",
    "2":"lokal"
  },
  {
    "_id":{
      "$oid":"684910517013c07662ad8f63"
    },
    "timestamp_scrape":"2025-06-11T11:55:55.197854",
    "ecommerce":"Tokopedia",
    "product_name":"Arang Briket Batok Kelapa",
    "price_raw":"Rp10.000",
    "price_clean":10000.0,
    "shop_name":"Astana Burdin",
    "sold_count_raw":"0 terjual",
    "sold_count_clean":0.0,
    "product_url":"https:\/\/www.tokopedia.com\/astanaburdin\/arang-briket-batok-kelapa-1731054833334650229?extParam=ivf%3Dfalse%26keyword%3Dbriket+kelapa%26src%3Dsearch",
    "search_query":"briket kelapa",
    "weight_kg":null,
    "price_per_kg":null,
    "0":null,
    "1":null,
    "2":null
  },
  {
    "_id":{
      "$oid":"684910517013c07662ad8f65"
    },
    "timestamp_scrape":"2025-06-11T11:55:57.037574",
    "ecommerce":"Tokopedia",
    "product_name":"arang briket shisa 1kg premium 100% batok kelapa",
    "price_raw":"Rp19.000",
    "price_clean":19000.0,
    "shop_name":"lapakdee",
    "sold_count_raw":"0 terjual",
    "sold_count_clean":0.0,
    "product_url":"https:\/\/www.tokopedia.com\/lapakdee\/arang-briket-shisa-1kg-premium-100-batok-kelapa?extParam=ivf%3Dfalse%26keyword%3Dbriket+kelapa%26src%3Dsearch",
    "search_query":"briket kelapa",
    "weight_kg":1.0,
    "price_per_kg":19000.0,
    "0":null,
    "1":null,
    "2":null
  },
  {
    "_id":{
      "$oid":"684910517013c07662ad8f66"
    },
    "timestamp_scrape":"2025-06-11T11:55:57.631832",
    "ecommerce":"Tokopedia",
    "product_name":"Arang Briket Batok Kelapa Barbeque Kemiri Bambu Kayu Sawdust BBQ 026",
    "price_raw":"Rp6.000",
    "price_clean":6000.0,
    "shop_name":"Briket BBQ Solo Jogja",
    "sold_count_raw":"8 terjual",
    "sold_count_clean":8.0,
    "product_url":"https:\/\/www.tokopedia.com\/archive-briketbbqsolo-1636677795\/arang-briket-batok-kelapa-barbeque-kemiri-bambu-kayu-sawdust-bbq-026?extParam=ivf%3Dfalse%26keyword%3Dbriket+kelapa%26src%3Dsearch",
    "search_query":"briket kelapa",
    "weight_kg":null,
    "price_per_kg":null,
    "0":null,
    "1":null,
    "2":null
  },
  {
    "_id":{
      "$oid":"684910517013c07662ad8f67"
    },
    "timestamp_scrape":"2025-06-11T11:55:58.872367",
    "ecommerce":"Tokopedia",
    "product_name":"Jual Briket Arang Batok Kelapa kualitas ekspor 1 kg bisa utk BBQ Murah",
    "price_raw":"Rp36.200",
    "price_clean":36200.0,
    "shop_name":"arramelda",
    "sold_count_raw":"0 terjual",
    "sold_count_clean":0.0,
    "product_url":"https:\/\/www.tokopedia.com\/arramelda\/jual-briket-arang-batok-kelapa-kualitas-ekspor-1-kg-bisa-utk-bbq-murah?extParam=ivf%3Dfalse%26keyword%3Dbriket+kelapa%26src%3Dsearch",
    "search_query":"briket kelapa",
    "weight_kg":1.0,
    "price_per_kg":36200.0,
    "0":null,
    "1":null,
    "2":null
  },
  {
    "_id":{
      "$oid":"684910517013c07662ad8f68"
    },
    "timestamp_scrape":"2025-06-11T11:55:59.462172",
    "ecommerce":"Tokopedia",
    "product_name":"Jual Produsen Pabrik Briket Arang Shisha Barbeque Sawdust Batok Kelapa",
    "price_raw":"Rp10.000",
    "price_clean":10000.0,
    "shop_name":"Pabrik Briket Shisha",
    "sold_count_raw":"6 terjual",
    "sold_count_clean":6.0,
    "product_url":"https:\/\/www.tokopedia.com\/archive-pabrikbriket\/jual-produsen-pabrik-briket-arang-shisha-barbeque-sawdust-batok-kelapa?extParam=ivf%3Dfalse%26keyword%3Dbriket+kelapa%26src%3Dsearch",
    "search_query":"briket kelapa",
    "weight_kg":null,
    "price_per_kg":null,
    "0":null,
    "1":null,
    "2":null
  },
  {
    "_id":{
      "$oid":"684910517013c07662ad8f69"
    },
    "timestamp_scrape":"2025-06-11T11:56:00.721946",
    "ecommerce":"Tokopedia",
    "product_name":"(A5) Arang Briket Batok Kelapa Pemanggangan Sate Sosis Daging 2.5 kg",
    "price_raw":"Rp118.000",
    "price_clean":118000.0,
    "shop_name":"Moothia101",
    "sold_count_raw":"0 terjual",
    "sold_count_clean":0.0,
    "product_url":"https:\/\/www.tokopedia.com\/archive-moothia\/a5-arang-briket-batok-kelapa-pemanggangan-sate-sosis-daging-2-5-kg?extParam=ivf%3Dfalse%26keyword%3Dbriket+kelapa%26src%3Dsearch",
    "search_query":"briket kelapa",
    "weight_kg":2.5,
    "price_per_kg":47200.0,
    "0":null,
    "1":null,
    "2":null
  },
  {
    "_id":{
      "$oid":"684910517013c07662ad8f6a"
    },
    "timestamp_scrape":"2025-06-11T11:56:02.020339",
    "ecommerce":"Tokopedia",
    "product_name":"Arang Briket Shisha Batok Kelapa Cube Super Premium 1KG Grade Ekspor A",
    "price_raw":"Rp25.900",
    "price_clean":25900.0,
    "shop_name":"-Muntaz-",
    "sold_count_raw":"0 terjual",
    "sold_count_clean":0.0,
    "product_url":"https:\/\/www.tokopedia.com\/-munta\/arang-briket-shisha-batok-kelapa-cube-super-premium-1kg-grade-ekspor-a-2-5-x-2-5-cm-c7a99?extParam=ivf%3Dfalse%26keyword%3Dbriket+kelapa%26src%3Dsearch",
    "search_query":"briket kelapa",
    "weight_kg":1.0,
    "price_per_kg":25900.0,
    "0":null,
    "1":null,
    "2":null
  },
  {
    "_id":{
      "$oid":"684910517013c07662ad8f6b"
    },
    "timestamp_scrape":"2025-06-11T11:56:03.229082",
    "ecommerce":"Tokopedia",
    "product_name":"Arang Briket Batok Kelapa Barbeque Kemiri Bambu Kayu Sawdust BBQ 004",
    "price_raw":"Rp6.000",
    "price_clean":6000.0,
    "shop_name":"Briket BBQ Solo Jogja",
    "sold_count_raw":"0 terjual",
    "sold_count_clean":0.0,
    "product_url":"https:\/\/www.tokopedia.com\/archive-briketbbqsolo-1636677795\/arang-briket-batok-kelapa-barbeque-kemiri-bambu-kayu-sawdust-bbq-004?extParam=ivf%3Dfalse%26keyword%3Dbriket+kelapa%26src%3Dsearch",
    "search_query":"briket kelapa",
    "weight_kg":null,
    "price_per_kg":null,
    "0":null,
    "1":null,
    "2":null
  },
  {
    "_id":{
      "$oid":"684910517013c07662ad8f6c"
    },
    "timestamp_scrape":"2025-06-11T11:56:03.823104",
    "ecommerce":"Tokopedia",
    "product_name":"SN07 Briket Arang Batok Kelapa kualitas ekspor 1 kg bisa utk BBQ",
    "price_raw":"Rp12.000",
    "price_clean":12000.0,
    "shop_name":"RAHMANISA27",
    "sold_count_raw":"1 terjual",
    "sold_count_clean":1.0,
    "product_url":"https:\/\/www.tokopedia.com\/rahmanisa27\/sn07-briket-arang-batok-kelapa-kualitas-ekspor-1-kg-bisa-utk-bbq?extParam=ivf%3Dfalse%26keyword%3Dbriket+kelapa%26src%3Dsearch",
    "search_query":"briket kelapa",
    "weight_kg":1.0,
    "price_per_kg":12000.0,
    "0":null,
    "1":null,
    "2":null
  },
  {
    "_id":{
      "$oid":"684910517013c07662ad8f6d"
    },
    "timestamp_scrape":"2025-06-11T11:56:04.417681",
    "ecommerce":"Tokopedia",
    "product_name":"Briket Arang Batok Kelapa Murni",
    "price_raw":"Rp22.500",
    "price_clean":22500.0,
    "shop_name":"Dalletama Agro",
    "sold_count_raw":"7 terjual",
    "sold_count_clean":7.0,
    "product_url":"https:\/\/www.tokopedia.com\/dalletamaagro\/briket-arang-batok-kelapa-murni?extParam=ivf%3Dfalse%26keyword%3Dbriket+kelapa%26src%3Dsearch",
    "search_query":"briket kelapa",
    "weight_kg":null,
    "price_per_kg":null,
    "0":null,
    "1":null,
    "2":null
  },
  {
    "_id":{
      "$oid":"684910517013c07662ad8f70"
    },
    "timestamp_scrape":"2025-06-11T11:56:30.912309",
    "ecommerce":"Tokopedia",
    "product_name":"Arang Briket Batok Kelapa Barbeque Kemiri Sekam Bambu Kayu Sawdust BBQ",
    "price_raw":"Rp6.000",
    "price_clean":6000.0,
    "shop_name":"Briket BBQ Solo Jogja",
    "sold_count_raw":"0 terjual",
    "sold_count_clean":0.0,
    "product_url":"https:\/\/www.tokopedia.com\/archive-briketbbqsolo-1636677795\/arang-briket-batok-kelapa-barbeque-kemiri-sekam-bambu-kayu-sawdust-bbq-7a0d?extParam=ivf%3Dfalse%26keyword%3Dbriket+kelapa%26src%3Dsearch",
    "search_query":"briket kelapa",
    "weight_kg":null,
    "price_per_kg":null,
    "0":null,
    "1":null,
    "2":null
  },
  {
    "_id":{
      "$oid":"684910517013c07662ad8f71"
    },
    "timestamp_scrape":"2025-06-11T11:56:32.150125",
    "ecommerce":"Tokopedia",
    "product_name":"Arang Briket Batok Kelapa Barbeque Kemiri Bambu Kayu Sawdust BBQ 025",
    "price_raw":"Rp6.000",
    "price_clean":6000.0,
    "shop_name":"Briket BBQ Solo Jogja",
    "sold_count_raw":"0 terjual",
    "sold_count_clean":0.0,
    "product_url":"https:\/\/www.tokopedia.com\/archive-briketbbqsolo-1636677795\/arang-briket-batok-kelapa-barbeque-kemiri-bambu-kayu-sawdust-bbq-025?extParam=ivf%3Dfalse%26keyword%3Dbriket+kelapa%26src%3Dsearch",
    "search_query":"briket kelapa",
    "weight_kg":null,
    "price_per_kg":null,
    "0":null,
    "1":null,
    "2":null
  },
  {
    "_id":{
      "$oid":"684910517013c07662ad8f72"
    },
    "timestamp_scrape":"2025-06-11T11:56:32.737132",
    "ecommerce":"Tokopedia",
    "product_name":"arang kelapa 1kg briket",
    "price_raw":"Rp6.500",
    "price_clean":6500.0,
    "shop_name":"muda kelap",
    "sold_count_raw":"10 terjual",
    "sold_count_clean":10.0,
    "product_url":"https:\/\/www.tokopedia.com\/archive-mudakelap-1656202724\/arang-kelapa-1kg-briket?extParam=ivf%3Dfalse%26keyword%3Dbriket+kelapa%26src%3Dsearch",
    "search_query":"briket kelapa",
    "weight_kg":1.0,
    "price_per_kg":6500.0,
    "0":null,
    "1":null,
    "2":null
  },
  {
    "_id":{
      "$oid":"684910517013c07662ad8f73"
    },
    "timestamp_scrape":"2025-06-11T11:56:33.950871",
    "ecommerce":"Tokopedia",
    "product_name":"Arang Briket Cube Kubus Kotak Batok Kelapa BBQ Barbekyu Sisha",
    "price_raw":"Rp4.675",
    "price_clean":4675.0,
    "shop_name":"-Muntaz-",
    "sold_count_raw":"0 terjual",
    "sold_count_clean":0.0,
    "product_url":"https:\/\/www.tokopedia.com\/-munta\/arang-briket-cube-kubus-kotak-batok-kelapa-bbq-barbekyu-sisha-arang-kayu-1f5c1?extParam=ivf%3Dfalse%26keyword%3Dbriket+kelapa%26src%3Dsearch",
    "search_query":"briket kelapa",
    "weight_kg":null,
    "price_per_kg":null,
    "0":null,
    "1":null,
    "2":null
  },
  {
    "_id":{
      "$oid":"684910517013c07662ad8f74"
    },
    "timestamp_scrape":"2025-06-11T11:56:35.256894",
    "ecommerce":"Tokopedia",
    "product_name":"arang briket batok kelapa barbeque hexagonal ukuran 5x15cm per buah",
    "price_raw":"Rp2.750",
    "price_clean":2750.0,
    "shop_name":"bagul shop",
    "sold_count_raw":"0 terjual",
    "sold_count_clean":0.0,
    "product_url":"https:\/\/www.tokopedia.com\/bagul-shop\/arang-briket-batok-kelapa-barbeque-hexagonal-ukuran-5x15cm-per-buah?extParam=ivf%3Dfalse%26keyword%3Dbriket+kelapa%26src%3Dsearch",
    "search_query":"briket kelapa",
    "weight_kg":null,
    "price_per_kg":null,
    "0":null,
    "1":null,
    "2":null
  },
  {
    "_id":{
      "$oid":"684910517013c07662ad8f75"
    },
    "timestamp_scrape":"2025-06-11T11:56:36.536239",
    "ecommerce":"Tokopedia",
    "product_name":"BRIKET 4RANG TEMPURUNG KELAPA BENTUK DAUN 1KG Bisa cod",
    "price_raw":"Rp15.500",
    "price_clean":15500.0,
    "shop_name":"ASSYFA SHOP02_NEW",
    "sold_count_raw":"0 terjual",
    "sold_count_clean":0.0,
    "product_url":"https:\/\/www.tokopedia.com\/assyfa-shop02\/briket-4rang-tempurung-kelapa-bentuk-daun-1kg-bisa-cod-1731218051429009275?extParam=ivf%3Dfalse%26keyword%3Dbriket+kelapa%26src%3Dsearch",
    "search_query":"briket kelapa",
    "weight_kg":1.0,
    "price_per_kg":15500.0,
    "0":null,
    "1":null,
    "2":null
  },
  {
    "_id":{
      "$oid":"684910517013c07662ad8f76"
    },
    "timestamp_scrape":"2025-06-11T11:56:37.130451",
    "ecommerce":"Tokopedia",
    "product_name":"Arang Briket Batok Kelapa Coconut Briquette Premium Charcoal 2500 Gram",
    "price_raw":"Rp24.500",
    "price_clean":24500.0,
    "shop_name":"ANGZCOMMERZ BALI",
    "sold_count_raw":"1 terjual",
    "sold_count_clean":1.0,
    "product_url":"https:\/\/www.tokopedia.com\/angzcommerzbali\/arang-briket-batok-kelapa-coconut-briquette-premium-charcoal-2500-gram?extParam=ivf%3Dfalse%26keyword%3Dbriket+kelapa%26src%3Dsearch",
    "search_query":"briket kelapa",
    "weight_kg":2.5,
    "price_per_kg":9800.0,
    "0":null,
    "1":null,
    "2":null
  },
  {
    "_id":{
      "$oid":"684910517013c07662ad8f77"
    },
    "timestamp_scrape":"2025-06-11T11:56:38.384774",
    "ecommerce":"Tokopedia",
    "product_name":"Briket Arang Batok Kelapa Termurah tanpa asap Kitchenware",
    "price_raw":"Rp65.000",
    "price_clean":65000.0,
    "shop_name":"mci store",
    "sold_count_raw":"0 terjual",
    "sold_count_clean":0.0,
    "product_url":"https:\/\/www.tokopedia.com\/mci-store\/briket-arang-batok-kelapa-termurah-tanpa-asap-kitchenware-1729725033123972348?extParam=ivf%3Dfalse%26keyword%3Dbriket+kelapa%26src%3Dsearch",
    "search_query":"briket kelapa",
    "weight_kg":null,
    "price_per_kg":null,
    "0":null,
    "1":null,
    "2":null
  },
  {
    "_id":{
      "$oid":"684910517013c07662ad8f78"
    },
    "timestamp_scrape":"2025-06-11T11:56:38.990511",
    "ecommerce":"Tokopedia",
    "product_name":"Arang Briket Batok Kelapa Barbeque Kemiri Sekam Bambu Kayu Sawdust BBQ",
    "price_raw":"Rp6.000",
    "price_clean":6000.0,
    "shop_name":"Briket BBQ Solo Jogja",
    "sold_count_raw":"10 terjual",
    "sold_count_clean":10.0,
    "product_url":"https:\/\/www.tokopedia.com\/archive-briketbbqsolo-1636677795\/arang-briket-batok-kelapa-barbeque-kemiri-sekam-bambu-kayu-sawdust-bbq-dae0?extParam=ivf%3Dfalse%26keyword%3Dbriket+kelapa%26src%3Dsearch",
    "search_query":"briket kelapa",
    "weight_kg":null,
    "price_per_kg":null,
    "0":null,
    "1":null,
    "2":null
  },
  {
    "_id":{
      "$oid":"684910517013c07662ad8f79"
    },
    "timestamp_scrape":"2025-06-11T11:56:39.584017",
    "ecommerce":"Tokopedia",
    "product_name":"Briket Arang Batok Kelapa Kualitas Premium BARAKU BARAMU - 250gr",
    "price_raw":"Rp12.000",
    "price_clean":12000.0,
    "shop_name":"Dushashop",
    "sold_count_raw":"2 terjual",
    "sold_count_clean":2.0,
    "product_url":"https:\/\/www.tokopedia.com\/dushashop\/briket-arang-batok-kelapa-kualitas-premium-baraku-baramu-250gr?extParam=ivf%3Dfalse%26keyword%3Dbriket+kelapa%26src%3Dsearch",
    "search_query":"briket kelapa",
    "weight_kg":0.25,
    "price_per_kg":48000.0,
    "0":null,
    "1":null,
    "2":null
  },
  {
    "_id":{
      "$oid":"684910517013c07662ad8f7a"
    },
    "timestamp_scrape":"2025-06-11T11:56:40.178550",
    "ecommerce":"Tokopedia",
    "product_name":"Arang Briket Premium 5Kg Arang Batok Kelapa",
    "price_raw":"Rp112.000",
    "price_clean":112000.0,
    "shop_name":"Quipets Shop",
    "sold_count_raw":"4 terjual",
    "sold_count_clean":4.0,
    "product_url":"https:\/\/www.tokopedia.com\/quipets\/premium-arang-briket-cube-untuk-bbq-isi-5kg-arang-briket-1731130874207831712?extParam=ivf%3Dfalse%26keyword%3Dbriket+kelapa%26src%3Dsearch",
    "search_query":"briket kelapa",
    "weight_kg":5.0,
    "price_per_kg":22400.0,
    "0":null,
    "1":null,
    "2":null
  },
  {
    "_id":{
      "$oid":"684910517013c07662ad8f7d"
    },
    "timestamp_scrape":"2025-06-11T11:57:06.515845",
    "ecommerce":"Tokopedia",
    "product_name":"Briket Arang Batok Kelapa Cube Kotak - Arang Bukhur BBQ Kotak - 1 Kg | Brik-It",
    "price_raw":"Rp46.000",
    "price_clean":46000.0,
    "shop_name":"Brik It",
    "sold_count_raw":"0 terjual",
    "sold_count_clean":0.0,
    "product_url":"https:\/\/www.tokopedia.com\/brik-it\/briket-arang-batok-kelapa-cube-kotak-arang-bukhur-bbq-kotak-1-kg-brik-it-1729750380890457269?extParam=ivf%3Dfalse%26keyword%3Dbriket+kelapa%26src%3Dsearch",
    "search_query":"briket kelapa",
    "weight_kg":1.0,
    "price_per_kg":46000.0,
    "0":null,
    "1":null,
    "2":null
  },
  {
    "_id":{
      "$oid":"684910517013c07662ad8f7e"
    },
    "timestamp_scrape":"2025-06-11T11:57:07.778430",
    "ecommerce":"Tokopedia",
    "product_name":"][ BRIKET ARANG BATOK KELAPA BARBEQUE BRIKET",
    "price_raw":"Rp66.000",
    "price_clean":66000.0,
    "shop_name":"iza maju",
    "sold_count_raw":"0 terjual",
    "sold_count_clean":0.0,
    "product_url":"https:\/\/www.tokopedia.com\/izamaju\/briket-arang-batok-kelapa-barbeque-briket?extParam=ivf%3Dfalse%26keyword%3Dbriket+kelapa%26src%3Dsearch",
    "search_query":"briket kelapa",
    "weight_kg":null,
    "price_per_kg":null,
    "0":null,
    "1":null,
    "2":null
  },
  {
    "_id":{
      "$oid":"684910517013c07662ad8f7f"
    },
    "timestamp_scrape":"2025-06-11T11:57:08.371782",
    "ecommerce":"Tokopedia",
    "product_name":"Bara Arang Areng 1KG 1 KG KILO Briket Batok Kelapa buhur dupa",
    "price_raw":"Rp83.000",
    "price_clean":83000.0,
    "shop_name":"ondera",
    "sold_count_raw":"7 terjual",
    "sold_count_clean":7.0,
    "product_url":"https:\/\/www.tokopedia.com\/ondera\/bara-arang-areng-1kg-1-kg-kilo-briket-batok-kelapa-buhur-dupa?extParam=ivf%3Dfalse%26keyword%3Dbriket+kelapa%26src%3Dsearch",
    "search_query":"briket kelapa",
    "weight_kg":1.0,
    "price_per_kg":83000.0,
    "0":null,
    "1":null,
    "2":null
  },
  {
    "_id":{
      "$oid":"684910517013c07662ad8f80"
    },
    "timestamp_scrape":"2025-06-11T11:57:08.961718",
    "ecommerce":"Tokopedia",
    "product_name":"Briket Arang Batok Kelapa - CocoMate",
    "price_raw":"Rp15.000",
    "price_clean":15000.0,
    "shop_name":"Solusi Utama_NEW",
    "sold_count_raw":"1 terjual",
    "sold_count_clean":1.0,
    "product_url":"https:\/\/www.tokopedia.com\/solusi-utama\/briket-arang-batok-kelapa-cocomate-1729727689238152209?extParam=ivf%3Dfalse%26keyword%3Dbriket+kelapa%26src%3Dsearch",
    "search_query":"briket kelapa",
    "weight_kg":null,
    "price_per_kg":null,
    "0":null,
    "1":null,
    "2":null
  },
  {
    "_id":{
      "$oid":"684910517013c07662ad8f81"
    },
    "timestamp_scrape":"2025-06-11T11:57:10.216502",
    "ecommerce":"Tokopedia",
    "product_name":"Briket Arang Batok Kelapa kualitas Premium Ekspor 500g Kitchenware",
    "price_raw":"Rp15.000",
    "price_clean":15000.0,
    "shop_name":"Briqeco_NEW",
    "sold_count_raw":"0 terjual",
    "sold_count_clean":0.0,
    "product_url":"https:\/\/www.tokopedia.com\/briqeco-891\/briket-arang-batok-kelapa-kualitas-premium-ekspor-500g-kitchenware-1730336857649284371?extParam=ivf%3Dfalse%26keyword%3Dbriket+kelapa%26src%3Dsearch",
    "search_query":"briket kelapa",
    "weight_kg":0.5,
    "price_per_kg":30000.0,
    "0":null,
    "1":null,
    "2":null
  },
  {
    "_id":{
      "$oid":"684910517013c07662ad8f82"
    },
    "timestamp_scrape":"2025-06-11T11:57:11.494729",
    "ecommerce":"Tokopedia",
    "product_name":"BRIKET arang batok kelapa murni (isi 11 cube\/balok) Kitchenware",
    "price_raw":"Rp3.800",
    "price_clean":3800.0,
    "shop_name":"WARUNG BUKSITI",
    "sold_count_raw":"0 terjual",
    "sold_count_clean":0.0,
    "product_url":"https:\/\/www.tokopedia.com\/warung-buksiti\/briket-arang-batok-kelapa-murni-isi-11-cube-balok-kitchenware-1731626898507466325?extParam=ivf%3Dfalse%26keyword%3Dbriket+kelapa%26src%3Dsearch",
    "search_query":"briket kelapa",
    "weight_kg":null,
    "price_per_kg":null,
    "0":null,
    "1":null,
    "2":null
  },
  {
    "_id":{
      "$oid":"684910517013c07662ad8f83"
    },
    "timestamp_scrape":"2025-06-11T11:57:12.745497",
    "ecommerce":"Tokopedia",
    "product_name":"Arang Briket Cube Kubus Kotak Batok Kelapa BBQ Barbekyu Sisha",
    "price_raw":"Rp5.375",
    "price_clean":5375.0,
    "shop_name":"Toko Merry05",
    "sold_count_raw":"0 terjual",
    "sold_count_clean":0.0,
    "product_url":"https:\/\/www.tokopedia.com\/tokomerry-1\/arang-briket-cube-kubus-kotak-batok-kelapa-bbq-barbekyu-sisha-1731345697042302105?extParam=ivf%3Dfalse%26keyword%3Dbriket+kelapa%26src%3Dsearch",
    "search_query":"briket kelapa",
    "weight_kg":null,
    "price_per_kg":null,
    "0":null,
    "1":null,
    "2":null
  },
  {
    "_id":{
      "$oid":"684910517013c07662ad8f84"
    },
    "timestamp_scrape":"2025-06-11T11:57:13.952641",
    "ecommerce":"Tokopedia",
    "product_name":"Ones Bbq 2.5 Kg | Briket Arang Batok Kelapa - Coconut Charcoal For Bbq",
    "price_raw":"Rp88.000",
    "price_clean":88000.0,
    "shop_name":"kosmetiktore",
    "sold_count_raw":"0 terjual",
    "sold_count_clean":0.0,
    "product_url":"https:\/\/www.tokopedia.com\/kosmetiktore\/ones-bbq-2-5-kg-briket-arang-batok-kelapa-coconut-charcoal-for-bbq-1731610941966878024?extParam=ivf%3Dfalse%26keyword%3Dbriket+kelapa%26src%3Dsearch",
    "search_query":"briket kelapa",
    "weight_kg":2.5,
    "price_per_kg":35200.0,
    "0":null,
    "1":null,
    "2":null
  },
  {
    "_id":{
      "$oid":"684910517013c07662ad8f85"
    },
    "timestamp_scrape":"2025-06-11T11:57:15.211823",
    "ecommerce":"Tokopedia",
    "product_name":"arang briket batok kelapa",
    "price_raw":"Rp8.000",
    "price_clean":8000.0,
    "shop_name":"StarIndo333",
    "sold_count_raw":"0 terjual",
    "sold_count_clean":0.0,
    "product_url":"https:\/\/www.tokopedia.com\/starindo333\/arang-briket-batok-kelapa-1731432301742097936?extParam=ivf%3Dfalse%26keyword%3Dbriket+kelapa%26src%3Dsearch",
    "search_query":"briket kelapa",
    "weight_kg":null,
    "price_per_kg":null,
    "0":null,
    "1":null,
    "2":null
  },
  {
    "_id":{
      "$oid":"684910517013c07662ad8f86"
    },
    "timestamp_scrape":"2025-06-11T11:57:16.432005",
    "ecommerce":"Tokopedia",
    "product_name":"Briket Arang Batok kelapa Asli 1 dus isi 5-10 box",
    "price_raw":"Rp92.400",
    "price_clean":92400.0,
    "shop_name":"feni sp",
    "sold_count_raw":"0 terjual",
    "sold_count_clean":0.0,
    "product_url":"https:\/\/www.tokopedia.com\/sukirman238\/briket-arang-batok-kelapa-asli-1-dus-isi-5-10-box-1731526556997486408?extParam=ivf%3Dfalse%26keyword%3Dbriket+kelapa%26src%3Dsearch",
    "search_query":"briket kelapa",
    "weight_kg":null,
    "price_per_kg":null,
    "0":null,
    "1":null,
    "2":null
  },
  {
    "_id":{
      "$oid":"684910517013c07662ad8f87"
    },
    "timestamp_scrape":"2025-06-11T11:57:17.659501",
    "ecommerce":"Tokopedia",
    "product_name":"Briket Arang Batok Kelapa 1Kg - Cocok untuk Dapur - Kitchenware brik et",
    "price_raw":"Rp10.500",
    "price_clean":10500.0,
    "shop_name":"Brikettt",
    "sold_count_raw":"0 terjual",
    "sold_count_clean":0.0,
    "product_url":"https:\/\/www.tokopedia.com\/brikettt\/briket-arang-batok-kelapa-1kg-cocok-untuk-dapur-kitchenware-brik-et-1730484414134060291?extParam=ivf%3Dfalse%26keyword%3Dbriket+kelapa%26src%3Dsearch",
    "search_query":"briket kelapa",
    "weight_kg":1.0,
    "price_per_kg":10500.0,
    "0":null,
    "1":null,
    "2":null
  },
  {
    "_id":{
      "$oid":"684910517013c07662ad8f8a"
    },
    "timestamp_scrape":"2025-06-11T11:57:42.504388",
    "ecommerce":"Tokopedia",
    "product_name":"Briket Arang Bukhur Bbq Shisha - Arang Batok Kelapa Tanpa Asap - 1 Kg | Brik-It",
    "price_raw":"Rp28.600",
    "price_clean":28600.0,
    "shop_name":"Brik It Arang Briket",
    "sold_count_raw":"0 terjual",
    "sold_count_clean":0.0,
    "product_url":"https:\/\/www.tokopedia.com\/brikitarangbriket\/briket-arang-bukhur-bbq-shisha-arang-batok-kelapa-tanpa-asap-1-kg-brik-it?extParam=ivf%3Dfalse%26keyword%3Dbriket+kelapa%26src%3Dsearch",
    "search_query":"briket kelapa",
    "weight_kg":1.0,
    "price_per_kg":28600.0,
    "0":null,
    "1":null,
    "2":null
  },
  {
    "_id":{
      "$oid":"684910517013c07662ad8f8b"
    },
    "timestamp_scrape":"2025-06-11T11:57:43.725099",
    "ecommerce":"Tokopedia",
    "product_name":"briket kelapa bbq",
    "price_raw":"Rp9.355",
    "price_clean":9355.0,
    "shop_name":"Omah Briket",
    "sold_count_raw":"0 terjual",
    "sold_count_clean":0.0,
    "product_url":"https:\/\/www.tokopedia.com\/omahbriket\/briket-kelapa-bbq?extParam=ivf%3Dfalse%26keyword%3Dbriket+kelapa%26src%3Dsearch",
    "search_query":"briket kelapa",
    "weight_kg":null,
    "price_per_kg":null,
    "0":null,
    "1":null,
    "2":null
  },
  {
    "_id":{
      "$oid":"684910517013c07662ad8f8d"
    },
    "timestamp_scrape":"2025-06-11T11:57:45.539413",
    "ecommerce":"Tokopedia",
    "product_name":"Arang briket batok kelapa 3 kg",
    "price_raw":"Rp25.000",
    "price_clean":25000.0,
    "shop_name":"BriCraft",
    "sold_count_raw":"0 terjual",
    "sold_count_clean":0.0,
    "product_url":"https:\/\/www.tokopedia.com\/bricraft\/arang-briket-batok-kelapa-3-kg-1731448320672760851?extParam=ivf%3Dfalse%26keyword%3Dbriket+kelapa%26src%3Dsearch",
    "search_query":"briket kelapa",
    "weight_kg":3.0,
    "price_per_kg":8333.3333333333,
    "0":null,
    "1":null,
    "2":null
  },
  {
    "_id":{
      "$oid":"684910517013c07662ad8f8e"
    },
    "timestamp_scrape":"2025-06-11T11:57:46.749943",
    "ecommerce":"Tokopedia",
    "product_name":"Briket Arang Batok Kelapa 5Kg Tahan Lama Murah Berkualitas",
    "price_raw":"Rp84.000",
    "price_clean":84000.0,
    "shop_name":"BU LESS",
    "sold_count_raw":"0 terjual",
    "sold_count_clean":0.0,
    "product_url":"https:\/\/www.tokopedia.com\/buless\/briket-arang-batok-kelapa-5kg-tahan-lama-murah-berkualitas-1731567901196126140?extParam=ivf%3Dfalse%26keyword%3Dbriket+kelapa%26src%3Dsearch",
    "search_query":"briket kelapa",
    "weight_kg":5.0,
    "price_per_kg":16800.0,
    "0":null,
    "1":null,
    "2":null
  },
  {
    "_id":{
      "$oid":"684910517013c07662ad8f8f"
    },
    "timestamp_scrape":"2025-06-11T11:57:47.973645",
    "ecommerce":"Tokopedia",
    "product_name":"Arang Briket Batok Kelapa - Arang Bukhur Shisha Bbq - 1 Kg | Brik-It",
    "price_raw":"Rp28.600",
    "price_clean":28600.0,
    "shop_name":"Brik It Arang Briket",
    "sold_count_raw":"0 terjual",
    "sold_count_clean":0.0,
    "product_url":"https:\/\/www.tokopedia.com\/brikitarangbriket\/arang-briket-batok-kelapa-arang-bukhur-shisha-bbq-1-kg-brik-it?extParam=ivf%3Dfalse%26keyword%3Dbriket+kelapa%26src%3Dsearch",
    "search_query":"briket kelapa",
    "weight_kg":1.0,
    "price_per_kg":28600.0,
    "0":null,
    "1":null,
    "2":null
  },
  {
    "_id":{
      "$oid":"684910517013c07662ad8f90"
    },
    "timestamp_scrape":"2025-06-11T11:57:49.184576",
    "ecommerce":"Tokopedia",
    "product_name":"briket batok kelapa dan serbu kayu",
    "price_raw":"Rp9.900",
    "price_clean":9900.0,
    "shop_name":"Maskresstore",
    "sold_count_raw":"0 terjual",
    "sold_count_clean":0.0,
    "product_url":"https:\/\/www.tokopedia.com\/maskresstore\/briket-batok-kelapa-dan-serbu-kayu?extParam=ivf%3Dfalse%26keyword%3Dbriket+kelapa%26src%3Dsearch",
    "search_query":"briket kelapa",
    "weight_kg":null,
    "price_per_kg":null,
    "0":null,
    "1":null,
    "2":null
  },
  {
    "_id":{
      "$oid":"684910517013c07662ad8f91"
    },
    "timestamp_scrape":"2025-06-11T11:57:50.405370",
    "ecommerce":"Tokopedia",
    "product_name":"Arang Briket Batok Kelapa Cube (Kubus) Kemasan Dus Isi 10kg",
    "price_raw":"Rp168.800",
    "price_clean":168800.0,
    "shop_name":"feni sp",
    "sold_count_raw":"0 terjual",
    "sold_count_clean":0.0,
    "product_url":"https:\/\/www.tokopedia.com\/sukirman238\/arang-briket-batok-kelapa-cube-kubus-kemasan-dus-isi-10kg-1731526605174638408?extParam=ivf%3Dfalse%26keyword%3Dbriket+kelapa%26src%3Dsearch",
    "search_query":"briket kelapa",
    "weight_kg":10.0,
    "price_per_kg":16880.0,
    "0":null,
    "1":null,
    "2":null
  },
  {
    "_id":{
      "$oid":"684910517013c07662ad8f92"
    },
    "timestamp_scrape":"2025-06-11T11:57:51.641914",
    "ecommerce":"Tokopedia",
    "product_name":"(fresh) Briket Arang Batok Kelapa Charcoal Expert Khusus Bakaran Ikan dan Daging",
    "price_raw":"Rp180.000",
    "price_clean":180000.0,
    "shop_name":"foodieeee",
    "sold_count_raw":"0 terjual",
    "sold_count_clean":0.0,
    "product_url":"https:\/\/www.tokopedia.com\/mahzongways1\/fresh-briket-arang-batok-kelapa-charcoal-expert-khusus-bakaran-ikan-dan-daging-1731145093384210124?extParam=ivf%3Dfalse%26keyword%3Dbriket+kelapa%26src%3Dsearch",
    "search_query":"briket kelapa",
    "weight_kg":null,
    "price_per_kg":null,
    "0":null,
    "1":null,
    "2":null
  },
  {
    "_id":{
      "$oid":"684910517013c07662ad8f93"
    },
    "timestamp_scrape":"2025-06-11T11:57:52.845840",
    "ecommerce":"Tokopedia",
    "product_name":"Mm'' Arang Batok Kelapa Briket Bbq Charcoal Anti Asap Kemasan 3Kg",
    "price_raw":"Rp115.500",
    "price_clean":115500.0,
    "shop_name":"dianawa",
    "sold_count_raw":"0 terjual",
    "sold_count_clean":0.0,
    "product_url":"https:\/\/www.tokopedia.com\/dianawa\/mm-arang-batok-kelapa-briket-bbq-charcoal-anti-asap-kemasan-3kg-1731198603491640455?extParam=ivf%3Dfalse%26keyword%3Dbriket+kelapa%26src%3Dsearch",
    "search_query":"briket kelapa",
    "weight_kg":3.0,
    "price_per_kg":38500.0,
    "0":null,
    "1":null,
    "2":null
  },
  {
    "_id":{
      "$oid":"684910517013c07662ad8f94"
    },
    "timestamp_scrape":"2025-06-11T11:57:54.051441",
    "ecommerce":"Tokopedia",
    "product_name":"Best| Briket Arang Batok Kelapa premium sisha",
    "price_raw":"Rp78.000",
    "price_clean":78000.0,
    "shop_name":"zainalskana",
    "sold_count_raw":"0 terjual",
    "sold_count_clean":0.0,
    "product_url":"https:\/\/www.tokopedia.com\/zainalskana\/best-briket-arang-batok-kelapa-premium-sisha-1730840007302677733?extParam=ivf%3Dfalse%26keyword%3Dbriket+kelapa%26src%3Dsearch",
    "search_query":"briket kelapa",
    "weight_kg":null,
    "price_per_kg":null,
    "0":null,
    "1":null,
    "2":null
  },
  {
    "_id":{
      "$oid":"684910517013c07662ad8f95"
    },
    "timestamp_scrape":"2025-06-11T11:57:54.791984",
    "ecommerce":"Tokopedia",
    "product_name":"Arang Bbq Tanpa Asap & Panas Tahan Lama - Arang Briket Batok Kelapa Hexagonal - 1 Kg | Brik-It",
    "price_raw":"Rp22.000",
    "price_clean":22000.0,
    "shop_name":"Brik It Arang Briket",
    "sold_count_raw":"0 terjual",
    "sold_count_clean":0.0,
    "product_url":"https:\/\/www.tokopedia.com\/brikitarangbriket\/arang-bbq-tanpa-asap-panas-tahan-lama-arang-briket-batok-kelapa-hexagonal-1-kg-brik-it?extParam=ivf%3Dfalse%26keyword%3Dbriket+kelapa%26src%3Dsearch",
    "search_query":"briket kelapa",
    "weight_kg":1.0,
    "price_per_kg":22000.0,
    "0":null,
    "1":null,
    "2":null
  },
  {
    "_id":{
      "$oid":"684910517013c07662ad8f98"
    },
    "timestamp_scrape":"2025-06-11T11:58:27.889941",
    "ecommerce":"Tokopedia",
    "product_name":"Briket arang batok kelapa sisha briquette 2,5 cube 1kg",
    "price_raw":"Rp20.000",
    "price_clean":20000.0,
    "shop_name":"SumberRezekiAmiin",
    "sold_count_raw":"0 terjual",
    "sold_count_clean":0.0,
    "product_url":"https:\/\/www.tokopedia.com\/sumberrezekiamii\/briket-arang-batok-kelapa-sisha-briquette-2-5-cube-1kg?extParam=ivf%3Dfalse%26keyword%3Dbriket+kelapa%26src%3Dsearch",
    "search_query":"briket kelapa",
    "weight_kg":1.0,
    "price_per_kg":20000.0,
    "0":null,
    "1":null,
    "2":null
  },
  {
    "_id":{
      "$oid":"684910517013c07662ad8f99"
    },
    "timestamp_scrape":"2025-06-11T11:58:28.483139",
    "ecommerce":"Tokopedia",
    "product_name":"Arang \/ Areng Batok Kelapa - Briket",
    "price_raw":"Rp8.000",
    "price_clean":8000.0,
    "shop_name":"Floralia23",
    "sold_count_raw":"2 terjual",
    "sold_count_clean":2.0,
    "product_url":"https:\/\/www.tokopedia.com\/floralia-3\/arang-areng-batok-kelapa-briket-1731345902826915053?extParam=ivf%3Dfalse%26keyword%3Dbriket+kelapa%26src%3Dsearch",
    "search_query":"briket kelapa",
    "weight_kg":null,
    "price_per_kg":null,
    "0":null,
    "1":null,
    "2":null
  },
  {
    "_id":{
      "$oid":"684910517013c07662ad8f9a"
    },
    "timestamp_scrape":"2025-06-11T11:58:29.707590",
    "ecommerce":"Tokopedia",
    "product_name":"New Briket Arang Batok Kelapa Kualitas Import Ratus Dupa Ori",
    "price_raw":"Rp26.900",
    "price_clean":26900.0,
    "shop_name":"KRISNA STORE 15",
    "sold_count_raw":"0 terjual",
    "sold_count_clean":0.0,
    "product_url":"https:\/\/www.tokopedia.com\/krisnastore15\/new-briket-arang-batok-kelapa-kualitas-import-ratus-dupa-ori?extParam=ivf%3Dfalse%26keyword%3Dbriket+kelapa%26src%3Dsearch",
    "search_query":"briket kelapa",
    "weight_kg":null,
    "price_per_kg":null,
    "0":null,
    "1":null,
    "2":null
  },
  {
    "_id":{
      "$oid":"684910517013c07662ad8f9b"
    },
    "timestamp_scrape":"2025-06-11T11:58:30.920159",
    "ecommerce":"Tokopedia",
    "product_name":"[ Js ] Arang Kayu Batok Kelapa Briket Brongkol Cube Hexagonal Premium Bbq Terbaru",
    "price_raw":"Rp5.375",
    "price_clean":5375.0,
    "shop_name":"Babe Hoki",
    "sold_count_raw":"0 terjual",
    "sold_count_clean":0.0,
    "product_url":"https:\/\/www.tokopedia.com\/babe-hoki\/js-arang-kayu-batok-kelapa-briket-brongkol-cube-hexagonal-premium-bbq-terbaru-1731225201980442256?extParam=ivf%3Dfalse%26keyword%3Dbriket+kelapa%26src%3Dsearch",
    "search_query":"briket kelapa",
    "weight_kg":null,
    "price_per_kg":null,
    "0":null,
    "1":null,
    "2":null
  },
  {
    "_id":{
      "$oid":"684910517013c07662ad8f9c"
    },
    "timestamp_scrape":"2025-06-11T11:58:32.133934",
    "ecommerce":"Tokopedia",
    "product_name":"briket arang batok kelapa premium hexagonal",
    "price_raw":"Rp28.000",
    "price_clean":28000.0,
    "shop_name":"My Briqquetes",
    "sold_count_raw":"0 terjual",
    "sold_count_clean":0.0,
    "product_url":"https:\/\/www.tokopedia.com\/my-briqquetes\/briket-arang-batok-kelapa-premium-hexagonal?extParam=ivf%3Dfalse%26keyword%3Dbriket+kelapa%26src%3Dsearch",
    "search_query":"briket kelapa",
    "weight_kg":null,
    "price_per_kg":null,
    "0":null,
    "1":null,
    "2":null
  },
  {
    "_id":{
      "$oid":"684910517013c07662ad8f9d"
    },
    "timestamp_scrape":"2025-06-11T11:58:33.366124",
    "ecommerce":"Tokopedia",
    "product_name":"arang briket batok kelapa",
    "price_raw":"Rp6.000",
    "price_clean":6000.0,
    "shop_name":"Go Go Grosir",
    "sold_count_raw":"0 terjual",
    "sold_count_clean":0.0,
    "product_url":"https:\/\/www.tokopedia.com\/gogogrosir\/arang-briket-batok-kelapa?extParam=ivf%3Dfalse%26keyword%3Dbriket+kelapa%26src%3Dsearch",
    "search_query":"briket kelapa",
    "weight_kg":null,
    "price_per_kg":null,
    "0":null,
    "1":null,
    "2":null
  },
  {
    "_id":{
      "$oid":"684910517013c07662ad8f9e"
    },
    "timestamp_scrape":"2025-06-11T11:58:33.957800",
    "ecommerce":"Tokopedia",
    "product_name":"MNTB\" OPTIMA BRIKET ARANG BATOK KELAPA 1 KG EXPORT QUALITY",
    "price_raw":"Rp21.500",
    "price_clean":21500.0,
    "shop_name":"Empat Tujuh 83",
    "sold_count_raw":"19 terjual",
    "sold_count_clean":19.0,
    "product_url":"https:\/\/www.tokopedia.com\/empattujuh83\/mntb-optima-briket-arang-batok-kelapa-1-kg-export-quality-hexagonal-mini-5c6c4?extParam=ivf%3Dfalse%26keyword%3Dbriket+kelapa%26src%3Dsearch",
    "search_query":"briket kelapa",
    "weight_kg":1.0,
    "price_per_kg":21500.0,
    "0":null,
    "1":null,
    "2":null
  },
  {
    "_id":{
      "$oid":"684910517013c07662ad8f9f"
    },
    "timestamp_scrape":"2025-06-11T11:58:34.550620",
    "ecommerce":"Tokopedia",
    "product_name":"Arang Briket Batok Kelapa",
    "price_raw":"Rp12.000",
    "price_clean":12000.0,
    "shop_name":"Kuvita's Store",
    "sold_count_raw":"2 terjual",
    "sold_count_clean":2.0,
    "product_url":"https:\/\/www.tokopedia.com\/kuvitas\/arang-briket-batok-kelapa?extParam=ivf%3Dfalse%26keyword%3Dbriket+kelapa%26src%3Dsearch",
    "search_query":"briket kelapa",
    "weight_kg":null,
    "price_per_kg":null,
    "0":null,
    "1":null,
    "2":null
  },
  {
    "_id":{
      "$oid":"684910517013c07662ad8fa0"
    },
    "timestamp_scrape":"2025-06-11T11:58:35.150927",
    "ecommerce":"Tokopedia",
    "product_name":"Arang Briket Batok Kelapa - Briket Arang Bbq Tanpa Asap - 1 Kg | Brik-It",
    "price_raw":"Rp22.000",
    "price_clean":22000.0,
    "shop_name":"Brik It Arang Briket",
    "sold_count_raw":"4 terjual",
    "sold_count_clean":4.0,
    "product_url":"https:\/\/www.tokopedia.com\/brikitarangbriket\/arang-briket-batok-kelapa-briket-arang-bbq-tanpa-asap-1-kg-brik-it?extParam=ivf%3Dfalse%26keyword%3Dbriket+kelapa%26src%3Dsearch",
    "search_query":"briket kelapa",
    "weight_kg":1.0,
    "price_per_kg":22000.0,
    "0":null,
    "1":null,
    "2":null
  },
  {
    "_id":{
      "$oid":"684910517013c07662ad8fa1"
    },
    "timestamp_scrape":"2025-06-11T11:58:35.746674",
    "ecommerce":"Tokopedia",
    "product_name":"Briket arang batok kelapa BBQ Magic Coco Coconut Shell Briquette isi 2",
    "price_raw":"Rp69.999",
    "price_clean":69999.0,
    "shop_name":"WW. Store",
    "sold_count_raw":"2 terjual",
    "sold_count_clean":2.0,
    "product_url":"https:\/\/www.tokopedia.com\/wwstore-1\/briket-arang-batok-kelapa-bbq-magic-coco-coconut-shell-briquette-isi-2?extParam=ivf%3Dfalse%26keyword%3Dbriket+kelapa%26src%3Dsearch",
    "search_query":"briket kelapa",
    "weight_kg":null,
    "price_per_kg":null,
    "0":null,
    "1":null,
    "2":null
  },
  {
    "_id":{
      "$oid":"684910517013c07662ad8fa2"
    },
    "timestamp_scrape":"2025-06-11T11:58:36.845334",
    "ecommerce":"Tokopedia",
    "product_name":"Premium Arang Briket Cube untuk BBQ Isi 1kg Isi 72 Pcs \/ Arang Batok Kelapa",
    "price_raw":"Rp37.400",
    "price_clean":37400.0,
    "shop_name":"PesonaaShop",
    "sold_count_raw":"0 terjual",
    "sold_count_clean":0.0,
    "product_url":"https:\/\/www.tokopedia.com\/arinirohani-salee\/premium-arang-briket-cube-untuk-bbq-isi-1kg-isi-72-pcs-arang-batok-kelapa-1731587616482231925?extParam=ivf%3Dfalse%26keyword%3Dbriket+kelapa%26src%3Dsearch",
    "search_query":"briket kelapa",
    "weight_kg":1.0,
    "price_per_kg":37400.0,
    "0":null,
    "1":null,
    "2":null
  },
  {
    "_id":{
      "$oid":"684910517013c07662ad8fa5"
    },
    "timestamp_scrape":"2025-06-11T11:59:02.881747",
    "ecommerce":"Tokopedia",
    "product_name":"Briket arang batok kelapa kualitas import ratus dupa",
    "price_raw":"Rp4.500",
    "price_clean":4500.0,
    "shop_name":"guss-SHOP",
    "sold_count_raw":"26 terjual",
    "sold_count_clean":26.0,
    "product_url":"https:\/\/www.tokopedia.com\/guss-shop\/briket-arang-batok-kelapa-kualitas-import-ratus-dupa?extParam=ivf%3Dfalse%26keyword%3Dbriket+kelapa%26src%3Dsearch",
    "search_query":"briket kelapa",
    "weight_kg":null,
    "price_per_kg":null,
    "0":null,
    "1":null,
    "2":null
  },
  {
    "_id":{
      "$oid":"684910517013c07662ad8fa6"
    },
    "timestamp_scrape":"2025-06-11T11:59:04.229469",
    "ecommerce":"Tokopedia",
    "product_name":"Ace Flame Arang Batok Kelapa \/Areng Briket Barbeque Kualitas Terbaik",
    "price_raw":"Rp115.000",
    "price_clean":115000.0,
    "shop_name":"liaenasacintra",
    "sold_count_raw":"0 terjual",
    "sold_count_clean":0.0,
    "product_url":"https:\/\/www.tokopedia.com\/liaenasacintra\/ace-flame-arang-batok-kelapa-areng-briket-barbeque-kualitas-terbaik-1731582350560036457?extParam=ivf%3Dfalse%26keyword%3Dbriket+kelapa%26src%3Dsearch",
    "search_query":"briket kelapa",
    "weight_kg":null,
    "price_per_kg":null,
    "0":null,
    "1":null,
    "2":null
  },
  {
    "_id":{
      "$oid":"684910517013c07662ad8fa8"
    },
    "timestamp_scrape":"2025-06-11T11:59:06.478246",
    "ecommerce":"Tokopedia",
    "product_name":"ARANG MAGIC AL RAHAL 1 BOX Kualitas Premium Briket Batok Kelapa Mudah Nyala Alamir Fire Thunder Lava",
    "price_raw":"Rp144.000",
    "price_clean":144000.0,
    "shop_name":"najwamima",
    "sold_count_raw":"0 terjual",
    "sold_count_clean":0.0,
    "product_url":"https:\/\/www.tokopedia.com\/najwamima\/arang-magic-al-rahal-1-box-kualitas-premium-briket-batok-kelapa-mudah-nyala-alamir-fire-thunder-lava-1731449745458496634?extParam=ivf%3Dfalse%26keyword%3Dbriket+kelapa%26src%3Dsearch",
    "search_query":"briket kelapa",
    "weight_kg":null,
    "price_per_kg":null,
    "0":null,
    "1":null,
    "2":null
  },
  {
    "_id":{
      "$oid":"684910517013c07662ad8fa9"
    },
    "timestamp_scrape":"2025-06-11T11:59:07.839291",
    "ecommerce":"Tokopedia",
    "product_name":"arang briket batok kelapa",
    "price_raw":"Rp16.000",
    "price_clean":16000.0,
    "shop_name":"JURAGAN BRIKET99",
    "sold_count_raw":"0 terjual",
    "sold_count_clean":0.0,
    "product_url":"https:\/\/www.tokopedia.com\/juraganbriket99\/arang-briket-batok-kelapa?extParam=ivf%3Dfalse%26keyword%3Dbriket+kelapa%26src%3Dsearch",
    "search_query":"briket kelapa",
    "weight_kg":null,
    "price_per_kg":null,
    "0":null,
    "1":null,
    "2":null
  },
  {
    "_id":{
      "$oid":"684910517013c07662ad8faa"
    },
    "timestamp_scrape":"2025-06-11T11:59:09.102407",
    "ecommerce":"Tokopedia",
    "product_name":"Briket arang batok kelapa kotak",
    "price_raw":"Rp9.800",
    "price_clean":9800.0,
    "shop_name":"Putrajayabiomassa",
    "sold_count_raw":"0 terjual",
    "sold_count_clean":0.0,
    "product_url":"https:\/\/www.tokopedia.com\/putrajayabiomassa\/briket-arang-batok-kelapa-kotak?extParam=ivf%3Dfalse%26keyword%3Dbriket+kelapa%26src%3Dsearch",
    "search_query":"briket kelapa",
    "weight_kg":null,
    "price_per_kg":null,
    "0":null,
    "1":null,
    "2":null
  },
  {
    "_id":{
      "$oid":"684910517013c07662ad8fab"
    },
    "timestamp_scrape":"2025-06-11T11:59:10.355620",
    "ecommerce":"Tokopedia",
    "product_name":"arang briket batok kelapa",
    "price_raw":"Rp6.500",
    "price_clean":6500.0,
    "shop_name":"Madura Arang briket",
    "sold_count_raw":"0 terjual",
    "sold_count_clean":0.0,
    "product_url":"https:\/\/www.tokopedia.com\/maduraarangbriket\/arang-briket-batok-kelapa-2-2x2-2x2-2-500-gram?extParam=ivf%3Dfalse%26keyword%3Dbriket+kelapa%26src%3Dsearch",
    "search_query":"briket kelapa",
    "weight_kg":null,
    "price_per_kg":null,
    "0":null,
    "1":null,
    "2":null
  },
  {
    "_id":{
      "$oid":"684910517013c07662ad8fac"
    },
    "timestamp_scrape":"2025-06-11T11:59:11.621674",
    "ecommerce":"Tokopedia",
    "product_name":"1kg Arang Briket Batok Kelapa",
    "price_raw":"Rp7.450",
    "price_clean":7450.0,
    "shop_name":"toserba ay",
    "sold_count_raw":"0 terjual",
    "sold_count_clean":0.0,
    "product_url":"https:\/\/www.tokopedia.com\/toserba-ay\/1kg-arang-briket-batok-kelapa?extParam=ivf%3Dfalse%26keyword%3Dbriket+kelapa%26src%3Dsearch",
    "search_query":"briket kelapa",
    "weight_kg":1.0,
    "price_per_kg":7450.0,
    "0":null,
    "1":null,
    "2":null
  },
  {
    "_id":{
      "$oid":"684910517013c07662ad8fad"
    },
    "timestamp_scrape":"2025-06-11T11:59:12.233161",
    "ecommerce":"Tokopedia",
    "product_name":"Briket Arang Batok Kelapa",
    "price_raw":"Rp14.000",
    "price_clean":14000.0,
    "shop_name":"Juhandes Aditya",
    "sold_count_raw":"6 terjual",
    "sold_count_clean":6.0,
    "product_url":"https:\/\/www.tokopedia.com\/archive-adityaj-1651126414\/briket-arang-batok-kelapa?extParam=ivf%3Dfalse%26keyword%3Dbriket+kelapa%26src%3Dsearch",
    "search_query":"briket kelapa",
    "weight_kg":null,
    "price_per_kg":null,
    "0":null,
    "1":null,
    "2":null
  },
  {
    "_id":{
      "$oid":"684910517013c07662ad8fae"
    },
    "timestamp_scrape":"2025-06-11T11:59:12.842808",
    "ecommerce":"Tokopedia",
    "product_name":"Briket arang kelapa kubus kotak 1kg arang shisha",
    "price_raw":"Rp16.500",
    "price_clean":16500.0,
    "shop_name":"Jayaplastikbanaran",
    "sold_count_raw":"14 terjual",
    "sold_count_clean":14.0,
    "product_url":"https:\/\/www.tokopedia.com\/jayaplastikbanaran\/briket-arang-kelapa-kubus-kotak-1kg-arang-shisha-1729734583773332796?extParam=ivf%3Dfalse%26keyword%3Dbriket+kelapa%26src%3Dsearch",
    "search_query":"briket kelapa",
    "weight_kg":1.0,
    "price_per_kg":16500.0,
    "0":null,
    "1":null,
    "2":null
  },
  {
    "_id":null,
    "timestamp_scrape":null,
    "ecommerce":null,
    "product_name":null,
    "price_raw":null,
    "price_clean":null,
    "shop_name":null,
    "sold_count_raw":null,
    "sold_count_clean":null,
    "product_url":null,
    "search_query":null,
    "weight_kg":null,
    "price_per_kg":null,
    "0":"lain",
    "1":"lain",
    "2":"lokal"
  },
  {
    "_id":null,
    "timestamp_scrape":null,
    "ecommerce":null,
    "product_name":null,
    "price_raw":null,
    "price_clean":null,
    "shop_name":null,
    "sold_count_raw":null,
    "sold_count_clean":null,
    "product_url":null,
    "search_query":null,
    "weight_kg":null,
    "price_per_kg":null,
    "0":"lain",
    "1":"lain",
    "2":"lokal"
  },
  {
    "_id":null,
    "timestamp_scrape":null,
    "ecommerce":null,
    "product_name":null,
    "price_raw":null,
    "price_clean":null,
    "shop_name":null,
    "sold_count_raw":null,
    "sold_count_clean":null,
    "product_url":null,
    "search_query":null,
    "weight_kg":null,
    "price_per_kg":null,
    "0":"hexagonal",
    "1":"bbq",
    "2":"export"
  },
  {
    "_id":null,
    "timestamp_scrape":null,
    "ecommerce":null,
    "product_name":null,
    "price_raw":null,
    "price_clean":null,
    "shop_name":null,
    "sold_count_raw":null,
    "sold_count_clean":null,
    "product_url":null,
    "search_query":null,
    "weight_kg":null,
    "price_per_kg":null,
    "0":"lain",
    "1":"lain",
    "2":"export"
  },
  {
    "_id":null,
    "timestamp_scrape":null,
    "ecommerce":null,
    "product_name":null,
    "price_raw":null,
    "price_clean":null,
    "shop_name":null,
    "sold_count_raw":null,
    "sold_count_clean":null,
    "product_url":null,
    "search_query":null,
    "weight_kg":null,
    "price_per_kg":null,
    "0":"lain",
    "1":"bbq",
    "2":"lokal"
  },
  {
    "_id":null,
    "timestamp_scrape":null,
    "ecommerce":null,
    "product_name":null,
    "price_raw":null,
    "price_clean":null,
    "shop_name":null,
    "sold_count_raw":null,
    "sold_count_clean":null,
    "product_url":null,
    "search_query":null,
    "weight_kg":null,
    "price_per_kg":null,
    "0":"lain",
    "1":"lain",
    "2":"lokal"
  },
  {
    "_id":null,
    "timestamp_scrape":null,
    "ecommerce":null,
    "product_name":null,
    "price_raw":null,
    "price_clean":null,
    "shop_name":null,
    "sold_count_raw":null,
    "sold_count_clean":null,
    "product_url":null,
    "search_query":null,
    "weight_kg":null,
    "price_per_kg":null,
    "0":"lain",
    "1":"lain",
    "2":"lokal"
  },
  {
    "_id":null,
    "timestamp_scrape":null,
    "ecommerce":null,
    "product_name":null,
    "price_raw":null,
    "price_clean":null,
    "shop_name":null,
    "sold_count_raw":null,
    "sold_count_clean":null,
    "product_url":null,
    "search_query":null,
    "weight_kg":null,
    "price_per_kg":null,
    "0":"cube",
    "1":"bbq",
    "2":"lokal"
  },
  {
    "_id":null,
    "timestamp_scrape":null,
    "ecommerce":null,
    "product_name":null,
    "price_raw":null,
    "price_clean":null,
    "shop_name":null,
    "sold_count_raw":null,
    "sold_count_clean":null,
    "product_url":null,
    "search_query":null,
    "weight_kg":null,
    "price_per_kg":null,
    "0":"lain",
    "1":"lain",
    "2":"lokal"
  },
  {
    "_id":null,
    "timestamp_scrape":null,
    "ecommerce":null,
    "product_name":null,
    "price_raw":null,
    "price_clean":null,
    "shop_name":null,
    "sold_count_raw":null,
    "sold_count_clean":null,
    "product_url":null,
    "search_query":null,
    "weight_kg":null,
    "price_per_kg":null,
    "0":"lain",
    "1":"bbq",
    "2":"lokal"
  },
  {
    "_id":null,
    "timestamp_scrape":null,
    "ecommerce":null,
    "product_name":null,
    "price_raw":null,
    "price_clean":null,
    "shop_name":null,
    "sold_count_raw":null,
    "sold_count_clean":null,
    "product_url":null,
    "search_query":null,
    "weight_kg":null,
    "price_per_kg":null,
    "0":"lain",
    "1":"lain",
    "2":"lokal"
  },
  {
    "_id":null,
    "timestamp_scrape":null,
    "ecommerce":null,
    "product_name":null,
    "price_raw":null,
    "price_clean":null,
    "shop_name":null,
    "sold_count_raw":null,
    "sold_count_clean":null,
    "product_url":null,
    "search_query":null,
    "weight_kg":null,
    "price_per_kg":null,
    "0":"lain",
    "1":"lain",
    "2":"lokal"
  },
  {
    "_id":null,
    "timestamp_scrape":null,
    "ecommerce":null,
    "product_name":null,
    "price_raw":null,
    "price_clean":null,
    "shop_name":null,
    "sold_count_raw":null,
    "sold_count_clean":null,
    "product_url":null,
    "search_query":null,
    "weight_kg":null,
    "price_per_kg":null,
    "0":"lain",
    "1":"bbq",
    "2":"lokal"
  },
  {
    "_id":null,
    "timestamp_scrape":null,
    "ecommerce":null,
    "product_name":null,
    "price_raw":null,
    "price_clean":null,
    "shop_name":null,
    "sold_count_raw":null,
    "sold_count_clean":null,
    "product_url":null,
    "search_query":null,
    "weight_kg":null,
    "price_per_kg":null,
    "0":"lain",
    "1":"lain",
    "2":"lokal"
  },
  {
    "_id":null,
    "timestamp_scrape":null,
    "ecommerce":null,
    "product_name":null,
    "price_raw":null,
    "price_clean":null,
    "shop_name":null,
    "sold_count_raw":null,
    "sold_count_clean":null,
    "product_url":null,
    "search_query":null,
    "weight_kg":null,
    "price_per_kg":null,
    "0":"lain",
    "1":"shisha",
    "2":"export"
  },
  {
    "_id":null,
    "timestamp_scrape":null,
    "ecommerce":null,
    "product_name":null,
    "price_raw":null,
    "price_clean":null,
    "shop_name":null,
    "sold_count_raw":null,
    "sold_count_clean":null,
    "product_url":null,
    "search_query":null,
    "weight_kg":null,
    "price_per_kg":null,
    "0":"cube",
    "1":"lain",
    "2":"lokal"
  },
  {
    "_id":null,
    "timestamp_scrape":null,
    "ecommerce":null,
    "product_name":null,
    "price_raw":null,
    "price_clean":null,
    "shop_name":null,
    "sold_count_raw":null,
    "sold_count_clean":null,
    "product_url":null,
    "search_query":null,
    "weight_kg":null,
    "price_per_kg":null,
    "0":"lain",
    "1":"lain",
    "2":"lokal"
  },
  {
    "_id":null,
    "timestamp_scrape":null,
    "ecommerce":null,
    "product_name":null,
    "price_raw":null,
    "price_clean":null,
    "shop_name":null,
    "sold_count_raw":null,
    "sold_count_clean":null,
    "product_url":null,
    "search_query":null,
    "weight_kg":null,
    "price_per_kg":null,
    "0":"lain",
    "1":"shisha",
    "2":"lokal"
  },
  {
    "_id":null,
    "timestamp_scrape":null,
    "ecommerce":null,
    "product_name":null,
    "price_raw":null,
    "price_clean":null,
    "shop_name":null,
    "sold_count_raw":null,
    "sold_count_clean":null,
    "product_url":null,
    "search_query":null,
    "weight_kg":null,
    "price_per_kg":null,
    "0":"lain",
    "1":"lain",
    "2":"lokal"
  },
  {
    "_id":null,
    "timestamp_scrape":null,
    "ecommerce":null,
    "product_name":null,
    "price_raw":null,
    "price_clean":null,
    "shop_name":null,
    "sold_count_raw":null,
    "sold_count_clean":null,
    "product_url":null,
    "search_query":null,
    "weight_kg":null,
    "price_per_kg":null,
    "0":"lain",
    "1":"bbq",
    "2":"lokal"
  },
  {
    "_id":null,
    "timestamp_scrape":null,
    "ecommerce":null,
    "product_name":null,
    "price_raw":null,
    "price_clean":null,
    "shop_name":null,
    "sold_count_raw":null,
    "sold_count_clean":null,
    "product_url":null,
    "search_query":null,
    "weight_kg":null,
    "price_per_kg":null,
    "0":"cube",
    "1":"bbq",
    "2":"lokal"
  },
  {
    "_id":null,
    "timestamp_scrape":null,
    "ecommerce":null,
    "product_name":null,
    "price_raw":null,
    "price_clean":null,
    "shop_name":null,
    "sold_count_raw":null,
    "sold_count_clean":null,
    "product_url":null,
    "search_query":null,
    "weight_kg":null,
    "price_per_kg":null,
    "0":"lain",
    "1":"lain",
    "2":"lokal"
  },
  {
    "_id":null,
    "timestamp_scrape":null,
    "ecommerce":null,
    "product_name":null,
    "price_raw":null,
    "price_clean":null,
    "shop_name":null,
    "sold_count_raw":null,
    "sold_count_clean":null,
    "product_url":null,
    "search_query":null,
    "weight_kg":null,
    "price_per_kg":null,
    "0":"lain",
    "1":"bbq",
    "2":"lokal"
  },
  {
    "_id":null,
    "timestamp_scrape":null,
    "ecommerce":null,
    "product_name":null,
    "price_raw":null,
    "price_clean":null,
    "shop_name":null,
    "sold_count_raw":null,
    "sold_count_clean":null,
    "product_url":null,
    "search_query":null,
    "weight_kg":null,
    "price_per_kg":null,
    "0":"cube",
    "1":"bbq",
    "2":"lokal"
  },
  {
    "_id":null,
    "timestamp_scrape":null,
    "ecommerce":null,
    "product_name":null,
    "price_raw":null,
    "price_clean":null,
    "shop_name":null,
    "sold_count_raw":null,
    "sold_count_clean":null,
    "product_url":null,
    "search_query":null,
    "weight_kg":null,
    "price_per_kg":null,
    "0":"lain",
    "1":"lain",
    "2":"lokal"
  },
  {
    "_id":null,
    "timestamp_scrape":null,
    "ecommerce":null,
    "product_name":null,
    "price_raw":null,
    "price_clean":null,
    "shop_name":null,
    "sold_count_raw":null,
    "sold_count_clean":null,
    "product_url":null,
    "search_query":null,
    "weight_kg":null,
    "price_per_kg":null,
    "0":"cube",
    "1":"bbq",
    "2":"lokal"
  },
  {
    "_id":null,
    "timestamp_scrape":null,
    "ecommerce":null,
    "product_name":null,
    "price_raw":null,
    "price_clean":null,
    "shop_name":null,
    "sold_count_raw":null,
    "sold_count_clean":null,
    "product_url":null,
    "search_query":null,
    "weight_kg":null,
    "price_per_kg":null,
    "0":"lain",
    "1":"lain",
    "2":"export"
  },
  {
    "_id":null,
    "timestamp_scrape":null,
    "ecommerce":null,
    "product_name":null,
    "price_raw":null,
    "price_clean":null,
    "shop_name":null,
    "sold_count_raw":null,
    "sold_count_clean":null,
    "product_url":null,
    "search_query":null,
    "weight_kg":null,
    "price_per_kg":null,
    "0":"lain",
    "1":"bbq",
    "2":"lokal"
  },
  {
    "_id":null,
    "timestamp_scrape":null,
    "ecommerce":null,
    "product_name":null,
    "price_raw":null,
    "price_clean":null,
    "shop_name":null,
    "sold_count_raw":null,
    "sold_count_clean":null,
    "product_url":null,
    "search_query":null,
    "weight_kg":null,
    "price_per_kg":null,
    "0":"cube",
    "1":"lain",
    "2":"lokal"
  },
  {
    "_id":null,
    "timestamp_scrape":null,
    "ecommerce":null,
    "product_name":null,
    "price_raw":null,
    "price_clean":null,
    "shop_name":null,
    "sold_count_raw":null,
    "sold_count_clean":null,
    "product_url":null,
    "search_query":null,
    "weight_kg":null,
    "price_per_kg":null,
    "0":"cube",
    "1":"lain",
    "2":"lokal"
  },
  {
    "_id":null,
    "timestamp_scrape":null,
    "ecommerce":null,
    "product_name":null,
    "price_raw":null,
    "price_clean":null,
    "shop_name":null,
    "sold_count_raw":null,
    "sold_count_clean":null,
    "product_url":null,
    "search_query":null,
    "weight_kg":null,
    "price_per_kg":null,
    "0":"lain",
    "1":"bbq",
    "2":"lokal"
  },
  {
    "_id":null,
    "timestamp_scrape":null,
    "ecommerce":null,
    "product_name":null,
    "price_raw":null,
    "price_clean":null,
    "shop_name":null,
    "sold_count_raw":null,
    "sold_count_clean":null,
    "product_url":null,
    "search_query":null,
    "weight_kg":null,
    "price_per_kg":null,
    "0":"lain",
    "1":"lain",
    "2":"lokal"
  },
  {
    "_id":null,
    "timestamp_scrape":null,
    "ecommerce":null,
    "product_name":null,
    "price_raw":null,
    "price_clean":null,
    "shop_name":null,
    "sold_count_raw":null,
    "sold_count_clean":null,
    "product_url":null,
    "search_query":null,
    "weight_kg":null,
    "price_per_kg":null,
    "0":"cube",
    "1":"shisha",
    "2":"export"
  },
  {
    "_id":null,
    "timestamp_scrape":null,
    "ecommerce":null,
    "product_name":null,
    "price_raw":null,
    "price_clean":null,
    "shop_name":null,
    "sold_count_raw":null,
    "sold_count_clean":null,
    "product_url":null,
    "search_query":null,
    "weight_kg":null,
    "price_per_kg":null,
    "0":"lain",
    "1":"lain",
    "2":"lokal"
  },
  {
    "_id":null,
    "timestamp_scrape":null,
    "ecommerce":null,
    "product_name":null,
    "price_raw":null,
    "price_clean":null,
    "shop_name":null,
    "sold_count_raw":null,
    "sold_count_clean":null,
    "product_url":null,
    "search_query":null,
    "weight_kg":null,
    "price_per_kg":null,
    "0":"cube",
    "1":"bbq",
    "2":"lokal"
  },
  {
    "_id":null,
    "timestamp_scrape":null,
    "ecommerce":null,
    "product_name":null,
    "price_raw":null,
    "price_clean":null,
    "shop_name":null,
    "sold_count_raw":null,
    "sold_count_clean":null,
    "product_url":null,
    "search_query":null,
    "weight_kg":null,
    "price_per_kg":null,
    "0":"lain",
    "1":"bbq",
    "2":"lokal"
  },
  {
    "_id":null,
    "timestamp_scrape":null,
    "ecommerce":null,
    "product_name":null,
    "price_raw":null,
    "price_clean":null,
    "shop_name":null,
    "sold_count_raw":null,
    "sold_count_clean":null,
    "product_url":null,
    "search_query":null,
    "weight_kg":null,
    "price_per_kg":null,
    "0":"cube",
    "1":"lain",
    "2":"lokal"
  },
  {
    "_id":null,
    "timestamp_scrape":null,
    "ecommerce":null,
    "product_name":null,
    "price_raw":null,
    "price_clean":null,
    "shop_name":null,
    "sold_count_raw":null,
    "sold_count_clean":null,
    "product_url":null,
    "search_query":null,
    "weight_kg":null,
    "price_per_kg":null,
    "0":"lain",
    "1":"lain",
    "2":"lokal"
  },
  {
    "_id":null,
    "timestamp_scrape":null,
    "ecommerce":null,
    "product_name":null,
    "price_raw":null,
    "price_clean":null,
    "shop_name":null,
    "sold_count_raw":null,
    "sold_count_clean":null,
    "product_url":null,
    "search_query":null,
    "weight_kg":null,
    "price_per_kg":null,
    "0":"lain",
    "1":"lain",
    "2":"lokal"
  },
  {
    "_id":null,
    "timestamp_scrape":null,
    "ecommerce":null,
    "product_name":null,
    "price_raw":null,
    "price_clean":null,
    "shop_name":null,
    "sold_count_raw":null,
    "sold_count_clean":null,
    "product_url":null,
    "search_query":null,
    "weight_kg":null,
    "price_per_kg":null,
    "0":"lain",
    "1":"lain",
    "2":"lokal"
  },
  {
    "_id":null,
    "timestamp_scrape":null,
    "ecommerce":null,
    "product_name":null,
    "price_raw":null,
    "price_clean":null,
    "shop_name":null,
    "sold_count_raw":null,
    "sold_count_clean":null,
    "product_url":null,
    "search_query":null,
    "weight_kg":null,
    "price_per_kg":null,
    "0":"cube",
    "1":"lain",
    "2":"lokal"
  },
  {
    "_id":null,
    "timestamp_scrape":null,
    "ecommerce":null,
    "product_name":null,
    "price_raw":null,
    "price_clean":null,
    "shop_name":null,
    "sold_count_raw":null,
    "sold_count_clean":null,
    "product_url":null,
    "search_query":null,
    "weight_kg":null,
    "price_per_kg":null,
    "0":"lain",
    "1":"lain",
    "2":"lokal"
  },
  {
    "_id":null,
    "timestamp_scrape":null,
    "ecommerce":null,
    "product_name":null,
    "price_raw":null,
    "price_clean":null,
    "shop_name":null,
    "sold_count_raw":null,
    "sold_count_clean":null,
    "product_url":null,
    "search_query":null,
    "weight_kg":null,
    "price_per_kg":null,
    "0":"lain",
    "1":"lain",
    "2":"lokal"
  },
  {
    "_id":null,
    "timestamp_scrape":null,
    "ecommerce":null,
    "product_name":null,
    "price_raw":null,
    "price_clean":null,
    "shop_name":null,
    "sold_count_raw":null,
    "sold_count_clean":null,
    "product_url":null,
    "search_query":null,
    "weight_kg":null,
    "price_per_kg":null,
    "0":"lain",
    "1":"lain",
    "2":"lokal"
  },
  {
    "_id":null,
    "timestamp_scrape":null,
    "ecommerce":null,
    "product_name":null,
    "price_raw":null,
    "price_clean":null,
    "shop_name":null,
    "sold_count_raw":null,
    "sold_count_clean":null,
    "product_url":null,
    "search_query":null,
    "weight_kg":null,
    "price_per_kg":null,
    "0":"lain",
    "1":"lain",
    "2":"lokal"
  },
  {
    "_id":null,
    "timestamp_scrape":null,
    "ecommerce":null,
    "product_name":null,
    "price_raw":null,
    "price_clean":null,
    "shop_name":null,
    "sold_count_raw":null,
    "sold_count_clean":null,
    "product_url":null,
    "search_query":null,
    "weight_kg":null,
    "price_per_kg":null,
    "0":"lain",
    "1":"bbq",
    "2":"lokal"
  },
  {
    "_id":null,
    "timestamp_scrape":null,
    "ecommerce":null,
    "product_name":null,
    "price_raw":null,
    "price_clean":null,
    "shop_name":null,
    "sold_count_raw":null,
    "sold_count_clean":null,
    "product_url":null,
    "search_query":null,
    "weight_kg":null,
    "price_per_kg":null,
    "0":"lain",
    "1":"bbq",
    "2":"export"
  },
  {
    "_id":null,
    "timestamp_scrape":null,
    "ecommerce":null,
    "product_name":null,
    "price_raw":null,
    "price_clean":null,
    "shop_name":null,
    "sold_count_raw":null,
    "sold_count_clean":null,
    "product_url":null,
    "search_query":null,
    "weight_kg":null,
    "price_per_kg":null,
    "0":"lain",
    "1":"lain",
    "2":"lokal"
  },
  {
    "_id":null,
    "timestamp_scrape":null,
    "ecommerce":null,
    "product_name":null,
    "price_raw":null,
    "price_clean":null,
    "shop_name":null,
    "sold_count_raw":null,
    "sold_count_clean":null,
    "product_url":null,
    "search_query":null,
    "weight_kg":null,
    "price_per_kg":null,
    "0":"hexagonal",
    "1":"lain",
    "2":"lokal"
  },
  {
    "_id":null,
    "timestamp_scrape":null,
    "ecommerce":null,
    "product_name":null,
    "price_raw":null,
    "price_clean":null,
    "shop_name":null,
    "sold_count_raw":null,
    "sold_count_clean":null,
    "product_url":null,
    "search_query":null,
    "weight_kg":null,
    "price_per_kg":null,
    "0":"lain",
    "1":"shisha",
    "2":"lokal"
  },
  {
    "_id":null,
    "timestamp_scrape":null,
    "ecommerce":null,
    "product_name":null,
    "price_raw":null,
    "price_clean":null,
    "shop_name":null,
    "sold_count_raw":null,
    "sold_count_clean":null,
    "product_url":null,
    "search_query":null,
    "weight_kg":null,
    "price_per_kg":null,
    "0":"hexagonal",
    "1":"lain",
    "2":"export"
  },
  {
    "_id":null,
    "timestamp_scrape":null,
    "ecommerce":null,
    "product_name":null,
    "price_raw":null,
    "price_clean":null,
    "shop_name":null,
    "sold_count_raw":null,
    "sold_count_clean":null,
    "product_url":null,
    "search_query":null,
    "weight_kg":null,
    "price_per_kg":null,
    "0":"cube",
    "1":"shisha",
    "2":"export"
  },
  {
    "_id":null,
    "timestamp_scrape":null,
    "ecommerce":null,
    "product_name":null,
    "price_raw":null,
    "price_clean":null,
    "shop_name":null,
    "sold_count_raw":null,
    "sold_count_clean":null,
    "product_url":null,
    "search_query":null,
    "weight_kg":null,
    "price_per_kg":null,
    "0":"lain",
    "1":"bbq",
    "2":"lokal"
  },
  {
    "_id":null,
    "timestamp_scrape":null,
    "ecommerce":null,
    "product_name":null,
    "price_raw":null,
    "price_clean":null,
    "shop_name":null,
    "sold_count_raw":null,
    "sold_count_clean":null,
    "product_url":null,
    "search_query":null,
    "weight_kg":null,
    "price_per_kg":null,
    "0":"lain",
    "1":"bbq",
    "2":"lokal"
  },
  {
    "_id":null,
    "timestamp_scrape":null,
    "ecommerce":null,
    "product_name":null,
    "price_raw":null,
    "price_clean":null,
    "shop_name":null,
    "sold_count_raw":null,
    "sold_count_clean":null,
    "product_url":null,
    "search_query":null,
    "weight_kg":null,
    "price_per_kg":null,
    "0":"lain",
    "1":"lain",
    "2":"lokal"
  },
  {
    "_id":null,
    "timestamp_scrape":null,
    "ecommerce":null,
    "product_name":null,
    "price_raw":null,
    "price_clean":null,
    "shop_name":null,
    "sold_count_raw":null,
    "sold_count_clean":null,
    "product_url":null,
    "search_query":null,
    "weight_kg":null,
    "price_per_kg":null,
    "0":"cube",
    "1":"bbq",
    "2":"lokal"
  },
  {
    "_id":null,
    "timestamp_scrape":null,
    "ecommerce":null,
    "product_name":null,
    "price_raw":null,
    "price_clean":null,
    "shop_name":null,
    "sold_count_raw":null,
    "sold_count_clean":null,
    "product_url":null,
    "search_query":null,
    "weight_kg":null,
    "price_per_kg":null,
    "0":"lain",
    "1":"lain",
    "2":"lokal"
  },
  {
    "_id":null,
    "timestamp_scrape":null,
    "ecommerce":null,
    "product_name":null,
    "price_raw":null,
    "price_clean":null,
    "shop_name":null,
    "sold_count_raw":null,
    "sold_count_clean":null,
    "product_url":null,
    "search_query":null,
    "weight_kg":null,
    "price_per_kg":null,
    "0":"lain",
    "1":"lain",
    "2":"lokal"
  },
  {
    "_id":null,
    "timestamp_scrape":null,
    "ecommerce":null,
    "product_name":null,
    "price_raw":null,
    "price_clean":null,
    "shop_name":null,
    "sold_count_raw":null,
    "sold_count_clean":null,
    "product_url":null,
    "search_query":null,
    "weight_kg":null,
    "price_per_kg":null,
    "0":"lain",
    "1":"lain",
    "2":"lokal"
  },
  {
    "_id":null,
    "timestamp_scrape":null,
    "ecommerce":null,
    "product_name":null,
    "price_raw":null,
    "price_clean":null,
    "shop_name":null,
    "sold_count_raw":null,
    "sold_count_clean":null,
    "product_url":null,
    "search_query":null,
    "weight_kg":null,
    "price_per_kg":null,
    "0":"hexagonal",
    "1":"lain",
    "2":"lokal"
  },
  {
    "_id":null,
    "timestamp_scrape":null,
    "ecommerce":null,
    "product_name":null,
    "price_raw":null,
    "price_clean":null,
    "shop_name":null,
    "sold_count_raw":null,
    "sold_count_clean":null,
    "product_url":null,
    "search_query":null,
    "weight_kg":null,
    "price_per_kg":null,
    "0":"lain",
    "1":"lain",
    "2":"lokal"
  },
  {
    "_id":null,
    "timestamp_scrape":null,
    "ecommerce":null,
    "product_name":null,
    "price_raw":null,
    "price_clean":null,
    "shop_name":null,
    "sold_count_raw":null,
    "sold_count_clean":null,
    "product_url":null,
    "search_query":null,
    "weight_kg":null,
    "price_per_kg":null,
    "0":"lain",
    "1":"lain",
    "2":"lokal"
  },
  {
    "_id":null,
    "timestamp_scrape":null,
    "ecommerce":null,
    "product_name":null,
    "price_raw":null,
    "price_clean":null,
    "shop_name":null,
    "sold_count_raw":null,
    "sold_count_clean":null,
    "product_url":null,
    "search_query":null,
    "weight_kg":null,
    "price_per_kg":null,
    "0":"lain",
    "1":"lain",
    "2":"lokal"
  }
]